@book{AbdelMassih1971,
	Address = {Ann Arbor},
	Author = {Abdel-Massih, Ernest T.},
	Publisher = {Center for Near Eastern and North African Studies, University of Michigan},
	Title = {A Reference Grammar Of {T}amazight},
	Year = {1971}}

	@book{Joseph2003,
		Address = {Oxford},
		Booktitle = {The handbook of historical linguistics},
		Editor = {Joseph, Brian R. and Janda, Richard D.},
		Publisher = {Blackwell},
		Title = {The handbook of historical linguistics},
		Year = 2003}

@article{Adank2004,
	Author = {Adank, Patti and Smits, Roel and Van Hout, Roeland},
	Journal = {Journal of the Acoustical Society of America},
	Number = {5},
	Pages = {3099--3107},
	Publisher = {ASA},
	Title = {A comparison of vowel normalization procedures for language variation research},
	Volume = {116},
	Year = {2004}}

@incollection{Cho2016,
  booktitle={Oxford Research Encyclopedia of Linguistics},
  year  = {2016},
  publisher = {Oxford University Press},
  author = {Cho, Young-mee Yu},
  title = {Korean Phonetics and Phonology}
}

@inproceedings{Inkelas2014,
  title={Unstable surface correspondence as the source of local conspiracies},
  author={Inkelas, Sharon and Stephanie Shih},
  booktitle={NELS 44: Proceedings of the 44th Meeting of the {North East Linguistic Society}},
	editor={Iyer, Jyoti and Leland Kusmer},
	volume={1},
  year={2014}
}

@article{Lee2018,
  year  = {2018},
  publisher = {Institute for the Study of Language and Information,  Kyung Hee University},
  volume = {35},
  number = {2},
  pages = {357--379},
  author = {Sechang Lee},
  title = {A study of manner assimilation: focusing on word-initial [l]-avoidance, lateralization, and nasalization in {Korean}},
  journal = {Linguistic Research}
}

@article{Lionnet2014,
  year  = {2014},
  publisher = {Linguistic Society of America},
  volume = {1},
  number = {1},
  author = {Florian Lionnet},
  title = {Doubly Triggered Harmony in Laal as Subphonemic Agreement by Correspondence},
  journal = {Proceedings of the Annual Meetings on Phonology}
}

@inproceedings{Ohala1992,
  title={Phonetic universals and {H}indi segment duration},
  author={Ohala, Manjari and Ohala, John J.},
  booktitle={Second International Conference on Spoken Language Processing},
	address={Banff},
  year={1992}
}

@unpublished{Yun2018,
  title={Phonological variation in the modification of word-medial consonant-liquid sequences in {Korean}},
  author={Suyeon Yun and Yoonjung Kang},
  note={To be presented at the Workshop on Altaic Formal Linguistics 14, October 18--22, 2018, MIT.},
  year={to appear}
}

@article{Westbury1980,
  year  = {1980},
  volume = {67},
  number = {S37},
  author = {Westbury, John R. and Patricia A. Keating},
  title = {Central representation of vowel duration},
  journal = {Journal of the Acoustical Society of America}
}

@article{Peterson1960,
	Author = {Peterson, Gordon E. and Ilse Lehiste},
	Journal = {Journal of the Acoustical Society of America},
	Number = {6},
	Pages = {693--703},
	Publisher = {ASA},
	Title = {Duration of syllable nuclei in {E}nglish},
	Volume = {32},
	Year = {1960}}

@book{Arnason1999,
	Address = {Oxford},
	Author = {\'{A}rnason, Kristj{\'a}n},
	Publisher = {Oxford University Press},
	Title = {The Phonology of {Icelandic and Faroese}},
	Year = {1999}}

@book{Svantesson2005,
	Address = {Oxford},
	Author = {Jan-Olof Svantesson and Anna Tsendina and Anastasia Karlsson and Vivan Franzén},
	Publisher = {Oxford University Press},
	Title = {The Phonology of {M}ongolian},
	Year = {2005}}

@book{Ahum1997,
	Author = {Ahum, Victor},
	Publisher = {Jawaharlal Nehru University},
	Title = {Tangkhul-{N}aga Grammar: A Study of Word Formation},
	Year = {1997}}

@inproceedings{Alderete1997,
	Author = {Alderete, John},
	Booktitle = {Proceedings of the {North East Linguistics Society}},
	Pages = {17--32},
	Title = {Dissimilation as local conjunction},
	Volume = {27},
	Year = {1997}}

@article{Shattuck1979,
  title={The limited use of distinctive features and markedness in speech production: Evidence from speech error data},
  author={Shattuck-Hufnagel, Stefanie and Klatt, Dennis H},
  journal={Journal of Verbal Learning and Verbal Behavior},
  volume={18},
  number={1},
  pages={41--55},
  year={1979},
  publisher={Elsevier}
}

@incollection{VandeBroeke1980,
author={Van den Broeke, M. and L. Goldstein},
year=1980,
title={Consonant features in speech errors},
editor={V. Fromkin},
booktitle={Errors in linguistic performance: slips of the tongue, ear, pen, and hand},
address={New York},
publisher={Academic Press}
}

@incollection{Ohala1993,
author={Ohala, John J.},
year=1993,
title={The phonetics of sound change},
editor={Charles Jones},
booktitle={Historical linguistics: Problems and perspectives},
pages={237--278},
address={London},
publisher={Longman}
}

	@article{Shattuck1986,
 author = {Stefanie Shattuck-Hufnagel},
 journal = {Phonology Yearbook},
 pages = {117--149},
 publisher = {Cambridge University Press},
 title = {The Representation of Phonological Information during Speech Production Planning: Evidence from Vowel Errors in Spontaneous Speech},
 volume = {3},
 year = {1986}
}



@inproceedings{Pierrehumbert1993,
	Author = {Pierrehumbert,Janet},
	Booktitle = {Proceedings of the {North East Linguistics Society}},
	Title = {Dissimilarity in the Arabic verbal roots},
	Volume = {23},
	Year = {1993}}

	@book{Deza2009,
  Author = {Michel Marie Deza and Elena Deza},
  Title = {Encyclopedia of Distances},
  Publisher = {Springer-Verlag},
	Address={Berlin \& Heidelberg},
  Year = {2009}
}

@book{Anderson1998,
	Address = {M{\"u}nchen},
	Author = {Anderson, Gregory D. S.},
	Publisher = {Lincom Europa},
	Title = {Khakas},
	Year = {1998}}

@article{Anderson1998Sakha,
  title={Historical aspects of {Yakut (Saxa)} phonology},
  author={Anderson, Gregory D. S.},
  journal={Turkic Languages},
volume=2,
number=2,
pages={1--32},
year=1998
}

@book{anderson2005,
  title={Language Contact in {South Central Siberia}},
  author={Anderson, Gregory D. S.},
  series={Turcologica},
	volume={54},
  year={2005},
  publisher={Otto Harrassowitz Verlag}
}


@incollection{Erdal2006,
title={The palatal glide in {Oghuz Turkic} and {Western Iranian} morphophonemics},
author={Erdal, Marcel},
pages={128--142},
crossref={TurkicIranian}
}

@book{TurkicIranian,
  booktitle={{Turkic-Iranian} Contact Areas: Historical and Linguistic Aspects},
  editor={Lars Johanson and Christiane Bulut},
  series={Turcologica},
	volume={62},
  year={2006},
  publisher={Otto Harrassowitz Verlag},
	address={Wiesbaden}
}

@incollection{Hoyne2017,
  author={Hoyne, Mícheál},
	title={Bardic poetry, {Irish}},
  year  = {2017},
  publisher = {Wiley},
  editor = {Robert Rouse and Sian Echard and Helen Fulton and Geoff Rector and Jacqueline Ann Fay},
  booktitle = {The Encyclopedia of Medieval Literature in Britain}
}

@incollection{Stifter2009,
author={Stifter, David},
title={Early {Irish}},
pages={55--116},
crossref={Ball2009}
}

@Book{Ball2009,
  editor	= {Ball, Martin J. and Müller, Nicole},
  title		= {The {C}eltic languages},
  booktitle	= {The {C}eltic languages},
  publisher	= {Routledge},
  year		= 2009,
  series	= {Routledge Language Family Series},
  address	= {London, New York},
  edition	= {Second}
}

@book{Menges1947,
	Address = {Morningside Heights, New York},
	Author = {Menges, Karl},
	Publisher = {King's Crown Press},
	Title = {Qaraqalpaq Grammar, Part One: Phonology},
	Year = {1947}}




@inproceedings{Toivonen2015,
  title={Vowel Height and Duration},
  author={Toivonen, Ida and Lev Blumenfeld and Andrea Gormley and Leah Hoiting and John Logan and Nalini Ramlakhan and Adam Stone},
  booktitle={Proceedings of the 32nd {West Coast Conference on Formal Linguistics}},
	editor={Ulrike Steindl and Thomas Borer and Huilin Fang and Alfredo García Pardo and Peter Guekguezian and Brian Hsu and Charlie O’Hara and Iris Chuoying Ouyang},
  pages={64--71},
  year={2015},
  organization={Cascadilla Proceedings Project},
	address={Somerville, MA}
}


@inproceedings{Walker2000,
  title={Yaka nasal harmony: Spreading or segmental correspondence?},
  author={Walker, Rachel},
  booktitle={Proceedings of the 26th Annual Meeting of the {Berkeley Linguistic Society}},
  pages={321-–332},
  year={2000},
	address={Berkeley, CA}
}


@inproceedings{Walker2001,
  title={Consonantal correspondence},
  author={Walker, Rachel},
  booktitle={Proceedings of the Workshop on the Lexicon in Phonetics and Phonology. Papers in Experimental and Theoretical Linguistics, Vol. 6},
  pages={73--84},
  year={2001},
	address={Edmonton},
	publisher={Department of Linguistics, University of Alberta}
}


@inproceedings{Zhu2018,
  title={Sonorant Restrictions in {K}yrgyz},
  author={Zhu, Hanzhi},
  booktitle={Proceedings of the 35th {West Coast Conference on Formal Linguistics}},
	editor={William G. Bennett and Lindsay Hracs and Dennis Ryan Storoshenko},
  pages={468--478},
  year={2018},
  organization={Cascadilla Proceedings Project},
	address={Somerville, MA}
}

@book{Schulze1997,
	Address = {M{\"u}nchen},
	Author = {Schulze, Wolfgang},
	Publisher = {Lincom Europa},
	Title = {Tsakhur},
	Year = {1997}}

@Incollection{BermudezOtero2012,
  author	= {Bermúdez-Otero, Ricardo and Trousdale, Graeme},
  title		= {Cycles and continua: on unidirectionality and gradualness
		  in language change},
  crossref	= {Nevalainen2012},
  pages		= {691--720}
}

@unpublished{Uffmann2018,
title= {A natural turn of {Evenks}},
author = {Christian Uffmann},
year = {2018},
note= {Talk at the 26th {Manchester Phonology Meeting}, 26 May 2018},
}

@unpublished{Lisker1974,
author={Lisker, Leigh},
year={1974},
title={On “explaining” vowel duration variation},
note={Tech. Rep. SR-37/38, Haskins Laboratories, New Haven, Connecticut}
}

@PhDThesis{BermudezOtero1999,
  author	= {Bermúdez-Otero, Ricardo},
  title		= {Constraint interaction in language change: quantity in
		  {E}nglish and {G}ermanic},
  school	= {University of Manchester and Universidad de Santiago de
		  Compostela},
  year		= 1999,
  address	= {Manchester, Santiago de Compostela}
}


@PhDThesis{Thokchom2011,
  author	= {Thokchom, Lakhipriya Devi},
  title		= {The {Tangkhul} grammar of {Shangshak} village},
  school	= {Manipur University},
  year		= 2011
}



@Book{Nevalainen2012,
  title		= {Handbook on the History of {E}nglish: Rethinking
		  Approaches to the History of {E}nglish},
  booktitle	= {Handbook on the History of {E}nglish: Rethinking
		  Approaches to the History of {E}nglish},
  year		= {2012},
  editor	= {Nevalainen, Terttu and Traugott, Elizabeth Closs},
  address	= {Oxford},
  publisher	= {Oxford University Press}
}

@book{Anderson1999,
	Address = {M{\"u}nchen},
	Author = {Anderson, Gregory D. S. and Harrison, K. David},
	Publisher = {Lincom Europa},
	Title = {Tyvan},
	Year = {1999}}

@incollection{Anderson2008,
  title={Tofa language change and terminal generation speakers},
  author={Anderson, Gregory D. S. and Harrison, K. David},
  publisher={John Benjamins},
  address = {Amsterdam},
  booktitle={Lessons from Documented Endangered Languages},
  editor={Harrison, K. David and Rood, David S. and Dwyer, Arienne M.},
  year={2008},
  series={Typological Studies in Language},
  volume={78}
}

@book{Nedjalkov1997,
  address    = {London / New York},
  author     = {Nedjalkov, Igor},
  publisher  = {Routledge},
  series     = {Routledge Descriptive Grammars},
  title      = {Evenki},
  year       = {1997}
}

@incollection{Blevins2017,
  year  = {2017},
	address={Amsterdam},
  publisher = {John Benjamins},
  editor = {Bridget D. Samuels},
  booktitle = {Beyond Markedness in Formal Phonology},
	author={Blevins, Juliette},
	title={What are grammars made of?},
	pages={47--68}
}

@book{Arokianathan1987,
	Author = {Arokianathan, S},
	Publisher = {Central Institute of Indian Languages},
	Title = {{Tangkhul Naga} Grammar},
	Volume = {16},
	Year = {1987}}

@article{Baertsch2001,
	Author = {Baertsch, Karen and Davis, Stuart},
	Journal = {CLS},
	Pages = {29--43},
	Title = {Turkic {C+/l/(uster)} phonology},
	Volume = {37},
	Year = {2001}}

@inproceedings{BOUN,
	Author = {Haşim Sak and Tunga Güngör and Murat Saraçlar},
booktitle={Advances in Natural Language Processing},
editor={Bengt Nordström and Aarne Ranta},
series={LNAI},
	Pages = {417--427},
	Title = {Turkish Language Resources: Morphological Parser, Morphological Disambiguator and Web Corpus},
	Volume = {5221},
	Year = {2008}}

@article{Baertsch2003,
	Author = {Baertsch, Karen and Davis, Stuart},
	Journal = {ZAS Papers in Linguistics},
	Pages = {1--14},
	Title = {The split margin approach to syllable structure},
	Volume = {32},
	Year = {2003}}

@incollection{Baertsch2008,
	Address = {Tokyo},
	Author = {Baertsch, Karen and Davis, Stuart},
	Booktitle = {{Asymmetries in phonology: an East-Asian perspective}},
	Pages = {27--47},
	Publisher = {Kurosio},
	Title = {Decomposing the syllable contact asymmetry in {Korean}},
	Year = {2008}}

@incollection{Baertsch2009,
	Address = {Boston},
	Author = {Baertsch, Karen and Davis, Stuart},
	Booktitle = {Strength relations in phonology},
	Editor = {Nasukawa, Kuniya and Backley,Philip},
	Pages = {293--324},
	Publisher = {Walter de Gruyter},
	Series = {Studies in generative grammar},
	Title = {Strength relations between consonants: A syllable-based {OT} approach},
	Volume = {103},
	Year = {2009}}

@incollection{Baertsch2012,
	Address = {Boston},
	Author = {Baertsch, Karen},
	Booktitle = {{The Sonority Controversy}},
	Editor = {Parker, Steve},
	Pages = {3--37},
	Publisher = {Walter de Gruyter},
	Series = {Phonology and Phonetics},
	Title = {Sonority and sonority-based relationships within {American English} monosyllabic words},
	Volume = {18},
	Year = {2012}}

@incollection{Gordon2012,
	Address = {Boston},
	Author = {Gordon, Matthew and Ghushchyan, Edita and McDonnell, Bradley and Rosenblum, Daisy and Shaw, Patricia A},
	Booktitle = {{The Sonority Controversy}},
	Editor = {Parker, Steve},
	Pages = {219--256},
	Publisher = {Walter de Gruyter},
	Series = {Phonology and Phonetics},
	Title = {Sonority and central vowels: A cross-linguistic phonetic study},
	Volume = {18},
	Year = {2012}}

@article{BatEl1996,
	Author = {Outi Bat-El},
	Journal = {Phonology},
	Number = {3},
	Pages = {283--328},
	Publisher = {Cambridge University Press},
	Title = {Selecting the Best of the Worst: The Grammar of {H}ebrew Blends},
	Volume = {13},
	Year = {1996}}

@inproceedings{Beckman2003,
	Address = {Somerville, MA},
	Author = {Beckman, Jill},
	Booktitle = {The Proceedings of {WCCFL} 22},
	Editor = {M. Tsujimura and G. Garding},
	Pages = {56--69},
	Publisher = {Cascadilla Press},
	Title = {The case for local conjunction: Evidence from {F}yem},
	Year = {2003}}

@phdthesis{Bennett2013,
	Author = {Bennett, William G},
	School = {Rutgers University},
	Title = {Dissimilation, consonant harmony, and surface correspondence},
	Year = {2013}}


@book{Bennett2015,
	Author = {Bennett, William G},
	address={Cambridge},
	publisher={Cambridge University Press},
	Title = {The phonology of consonants: harmony, dissimilation, and correspondence},
	series={Cambridge Studies in Linguistics},
	volume={147},
	Year = {2015}}

	@phdthesis{Flack2007,
		Author = {Flack, Kathryn Gilbert},
		School = {University of Massachusetts Amherst},
		Title = {The sources of phonological markedness},
		Year = {2007}}

@book{Minkova2003,
  title={Alliteration and sound change in early English},
  author={Minkova, Donka},
  volume={101},
	series={Cambridge Studies in Linguistics},
  year={2003},
  publisher={Cambridge University Press},
address={Cambridge}
}

@article{Bergstraesser1918,
	Author = {G. Bergstr{\"a}{\ss}er},
	Issn = {03410137},
	Journal = {Zeitschrift der Deutschen Morgenl{\"a}ndischen Gesellschaft},
	Number = {3/4},
	Pages = {233--262},
	Publisher = {Harrassowitz Verlag},
	Title = {Zur Phonetik des T{\"u}rkischen nach gebildeter Konstantinopler Aussprache},
	Volume = {72},
	Year = {1918}}

@incollection{Bach1972,
	Address = {Bloomington},
	Author = {Bach, Emmon and Harms, Robert T.},
	Booktitle = {Linguistic change and generative theory},
	Editor = {Stockwell, Robert P. and Macaulay, Ronald K. S.},
	Pages = {1--21},
	Publisher = {Indiana University Press},
	Title = {How do languages get crazy rules?},
	Year = 1972}

@article{Baker2011,
	Author = {Adam Baker and Diana Archangeli and Jeff Mielke},
	Journal = {Language Variation and Change},
	Month = {oct},
	Number = {03},
	Pages = {347--374},
	Publisher = {Cambridge University Press ({CUP})},
	Title = {Variability in {American English} s-retraction suggests a solution to the actuation problem},
	Volume = {23},
	Year = {2011}}

@incollection{Blevins1996,
  year  = {1995},
  publisher = {Blackwell},
  pages = {206--244},
  editor = {John A. Goldsmith},
  title = {The syllable in phonological theory},
	author={Blevins, Juliette},
  booktitle = {The Handbook of Phonological Theory}
}

@incollection{Odden2011,
  Author = {Odden, David},
	title={Rules v. Constraints},
  booktitle = {The Handbook of Phonological Theory},
	Series={Blackwell Handbooks in Linguistics},
  Publisher = {Wiley-Blackwell},
  Year = {2011},
	Edition={2},
  Editor={John A. Goldsmith and Jason Riggle and Alan C. L. Yu}
}

@book{Blevins2004,
	Address = {Cambridge},
	Author = {Blevins, Juliette},
	Publisher = {Cambridge University Press},
	Title = {Evolutionary Phonology: The emergence of sound patterns},
	Year = {2004}}


@book{Blust2013,
	Address = {Canberra},
	Author = {Blust, Robert},
	Publisher = {Asia-Pacific Linguistics},
	Title = {The Austronesian languages},
	Year = {2013}}

@book{Kasymova1991,
	Address = {Frunze},
	Author = {Kasymova, Bella and Kurmanbek Toktonalijev and Asan Karybajev},
	Publisher = {Mektep},
	Title = {Izucajem kyrgyzskii jazyk},
	Year = {1991}}

@incollection{Garrett2014,
  title={Sound change},
  author={Garrett, Andrew},
  booktitle={The {R}outledge handbook of historical linguistics},
  pages={227--248},
	editor={Claire Bowern, Bethwyn Evans},
	address={London \& New York},
	publisher={Routledge},
  year={2014}
}


@incollection{Francois2014,
  title={Trees, waves and linkages: Models of language diversification},
  author={François, Alexandre},
  booktitle={The {R}outledge handbook of historical linguistics},
  pages={161--189},
	editor={Claire Bowern, Bethwyn Evans},
	address={London \& New York},
	publisher={Routledge},
  year={2014}
}

@incollection{Maddieson1985,
author={Maddieson, Ian},
year={1985},
title={Phonetic Cues to Syllabification},
booktitle={Phonetic Linguistics: Essays in Honor of {Peter Ladefoged}},
editor={Fromkin, Victoria},
publisher={Academic Press},
address={Orlando}
}

@incollection{Lindau1985,
author={Lindau, Mona},
year={1985},
title={The story of /r/},
pages={157--168},
booktitle={Phonetic Linguistics: Essays in Honor of {Peter Ladefoged}},
editor={Fromkin, Victoria},
publisher={Academic Press},
address={Orlando}
}

@Article{Krakow1988,
   Author="Krakow, Rena A.  and Beddor, Patrice S.  and Goldstein, Louis M.  and Fowler, Carol A. ",
   Title="{{C}oarticulatory influences on the perceived height of nasal vowels}",
   Journal="J. Acoust. Soc. Am.",
   Year="1988",
   Volume="83",
   Number="3",
   Pages="1146--1158",
   Month="Mar"
}

@incollection{Beddor1993,
title = "THE PERCEPTION OF NASAL VOWELS",
editor = "Marie K. Huffman and Rena A. Krakow",
booktitle = "Nasals, Nasalization, and the Velum",
publisher = "Academic Press",
address = "San Diego",
pages = "171 - 196",
year = "1993",
volume = "5",
series = "Phonetics and Phonology",
isbn = "978-0-12-360380-7",
author = "Patrice Speeter Beddor"
}

@article{KewleyPort1994,
author = {Kewley-Port, Diane  and Watson,Charles S. },
title = {Formant-frequency discrimination for {isolated English} vowels},
journal = {The Journal of the Acoustical Society of America},
volume = {95},
number = {1},
pages = {485--496},
year = {1994},
doi = {10.1121/1.410024}
}

@ARTICLE{KewleyPort2005,
   author = {{Kewley-Port}, D. and {Bohn}, O.-S. and {Nishi}, K.},
    title = "{The influence of different native language systems on vowel discrimination and identification}",
  journal = {Acoustical Society of America Journal},
     year = 2005,
    month = apr,
   volume = 117,
    pages = {2399--2399},
      doi = {10.1121/1.4785992}
}



@article{Beddor1986,
 author = {Patrice Speeter Beddor and Rena Arens Krakow and Louis M. Goldstein},
 journal = {Phonology Yearbook},
 pages = {197--217},
 publisher = {Cambridge University Press},
 title = {Perceptual Constraints and Phonological Change: A Study of Nasal Vowel Height},
 volume = {3},
 year = {1986}
}



@Book{Kenstowicz1979,
  address	= {New York},
  author	= {Kenstowicz, Michael and Kisseberth, Charles},
  publisher	= {Academic Press},
  title		= {Generative phonology: description and theory},
  year		= {1979}
}


@Book{Ladefoged2003,
  address	= {Oxford},
  author	= {Ladefoged, Peter},
  publisher	= {Blackwell},
  title		= {Phonetic data analysis},
  year		= {2003}
}

@book{Kavitskaya2002,
  title={Compensatory Lengthening: Phonetics, Phonology, Diachrony},
  author={Kavitskaya, Darya},
  series={Outstanding Dissertations in Linguistics},
  year={2002},
  publisher={Routledge},
	address={London \& New York}
}


@book{Korkmaz1965,
  title={Güney-{B}atı {Anadolu} Ağızları: ses bilgisi (phonetik)},
  author={Korkmaz,Zeynep},
  year={1965},
  publisher={Ankara Üniversitesi DTCF Yayini},
	address={Ankara}
}

@article{Blust2005,
	Author = {Robert A. Blust},
	Journal = {Diachronica},
	Number = {2},
	Pages = {219--269},
  address = {Amsterdam},
	Publisher = {John Benjamins},
	Title = {Must sound change be linguistically motivated?},
	Volume = {22},
	Year = {2005}}

@TechReport{ot,
  author	= {Prince, Alan S. and Smolensky, Paul},
  institution	= {Rutgers University Center for Cognitive Science and
		  University of Colorado, Boulder},
  title		= {Optimality {T}heory: Constraint Interaction in Generative
		  Grammar},
  year		= {1993}
}

@incollection{McCawley1973,
	Author = {McCawley,James},
	Booktitle = {The formal analysis of natural languages},
	Editor = {M. Gross and Morris Halle and M.-P. Schutzenberger},
	pages={51--62},
	address={The Hague},
	Publisher = {Mouton de Gruyter},
	Title = {The role of notation in generative phonology},
	Year = {1973}}

@incollection{BermudezOtero2007,
	Author = {Ricardo Berm{\'{u}}dez-Otero},
	Booktitle = {The {Cambridge} Handbook of Phonology},
	Editor = {Paul de Lacy},
	Pages = {497–517},
	Publisher = {Cambridge University Press},
	Address={Cambridge},
	Title = {Diachronic phonology},
	Year = {2007}}

@article{Blevins2006,
	Author = {Blevins, Juliette},
	Journal = {Theoretical Linguistics},
	Number = {2},
	Pages = {117--166},
	Title = {A theoretical synopsis of {E}volutionary {P}honology},
	Volume = {32},
	Year = {2006}}

@article{Blevins2007,
	Author = {Juliette Blevins},
	Journal = {Linguistic Typology},
	Number = {1},
	Publisher = {Walter de Gruyter},
	Title = {The importance of typology in explaining recurrent sound patterns},
	Volume = {11},
	Year = {2007}}

@incollection{Blevins2008,
	Author = {Juliette Blevins},
	Booktitle = {Naturalness and Iconicity in Language},
	Pages = {121--148},
  address = {Amsterdam},
	Publisher = {John Benjamins},
  editor = {Willems, Klaas and de Cuypere, Ludovic},
  series={Iconicity in Language and Literature},
  volume={7},
	Title = {Natural and unnatural sound patterns: A pocket field guide},
	Year = {2008},
  doi = {10.1075/ill.7.08ble}}

@incollection{Bradley2010,
	Address = {Amsterdam},
	Author = {Bradley, Travis G.},
	Booktitle = {{Romance Linguistics 2010}},
	Editor = {Herschensohn, Julia},
	Pages = {63--78},
	Publisher = {John Benjamins},
	Title = {Mid front vowel lowering before rhotics in {Ibero-Romance}},
	Year = {2010}}

@article{Buckley2000,
	Author = {Eugene Buckley},
	Journal = {UCSB Working Papers in Linguistics 9},
	Title = {On the naturalness of unnatural rules},
	Year = {2000}}

@article{Buckley2003,
	Author = {Eugene Buckley},
	Journal = {Proceedings of the Berkeley Linguistics Society 29},
	Pages = {523--534},
	Title = {Children's unnatural phonology},
	Year = {2003}}

@article{Buckley2009,
	Author = {Eugene Buckley},
	Journal = {Transactions of the Philological Society},
	Number = {1},
	Pages = {31--65},
	Publisher = {Wiley-Blackwell},
	Title = {Phonetics and phonology in {Gallo-Romance} palatalisation},
	Volume = {107},
	Year = {2009}}

@incollection{Butskh2001,
	Author = {Butskhrikidze, Marika and van de Weijer, Jeroen},
	Booktitle = {{Surface Syllable Structure and Segment Sequencing}},
	Editor = {Elizabeth Hume and Norval Smith and Jeroen van de Weijer},
	Pages = {91--101},
	Publisher = {Holland Institute of Generative Linguistics, Leiden University},
	Title = {On v-metathesis in {Modern Georgian}},
	Year = {2001}}


	@incollection{Burzio2000,
		Author = {Burzio, Luigi},
		Booktitle = {Optimality theory: Phonology, syntax, and acquisition},
		Editor = {Joost Dekkers and Frank van der Leeuw and Jeroen van de Weijer},
		Pages = {91--101},
		Publisher = {Cambridge University Press},
		address={Cambridge},
		Title = {Cycles, non-derived-environment-blocking, and correspondence},
		Year = {2000}}

@unpublished{Steriade2001,
	Author = {Steriade, Donca},
	Note = {Unpublished manuscript, University of California at Los Angeles and Massachusetts Institute of Technology},
	Title = {The phonology of perceptibility effects: the p-map and its consequences for prosodic organization},
	Year = 2001}

@incollection{Vaux2017,
  author={Vaux, Bert and Bridget D. Samuels},
	title={Consonant epenthesis and markedness},
  year  = {2017},
  publisher = {John Benjamins Publishing Company},
  editor = {Bridget D. Samuels},
  booktitle = {Beyond Markedness in Formal Phonology}
}

@Unpublished{Steriade1997,
  author	= {Steriade, Donca},
  title		= {Phonetics in phonology: the case of laryngeal
		  neutralization},
  note		= {MS., Massachusetts Institute of Technology},
  year		= 1997
}


@book{Butskh2002,
	Author = {Butskhrikidze, Marika},
	Address = {Utrecht},
	Series={LOT Dissertation Series},
	Volume={63},
	Publisher={LOT},
	Title = {The consonant phonotactics of {G}eorgian},
	Year = {2002}}

@book{Bybee2001,
	Address = {Cambridge},
	Author = {Bybee, Joan},
	Publisher = {Cambridge University Press},
	Title = {Phonology and language use},
	Year = {2001}}

@book{MacKnight2012,
	Address = {Canberra},
	Author = {Macknight, Charles Campbell},
	Publisher = {Karuda Press},
	Title = {{Bugis and Makasar}: two short grammars},
	Year = {2012}}

@phdthesis{Carter2002,
	Author = {Carter, Paul},
	School = {University of {Y}ork},
	Title = {Structured variation in {British English} liquids},
	Year = {2002}}

@article{Gallagher2016,
  year  = {2016},
  publisher = {S. Karger {AG}},
  volume = {73},
  number = {2},
  pages = {101--119},
  author = {Gillian Gallagher},
  title = {Vowel Height Allophony and Dorsal Place Contrasts in {Cochabamba Quechua}},
  journal = {Phonetica}
}

@phdthesis{Nordhoff2009,
	Author = {Nordhoff, Sebastian},
	School = {{Utrecht University}},
	Title = {A grammar of Upcountry {Sri Lanka Malay}},
	Year = {2009}}

@incollection{Kiparsky2008,
  year  = {2008},
  publisher = {Oxford University Press},
  editor = {Jeff Good},
  booktitle = {Linguistic Universals and Language Change},
	title={Universals Constrain Change; Change Results in Typological Generalizations},
	author={Kiparsky, Paul}
}

@phdthesis{Padgett1991,
	Author = {Padgett, Jaye},
	School = {University of Massachusetts, Amherst},
	Title = {Stricture in feature geometry},
	Year = {1991}}


@incollection{Padgett1995,
  year  = {1995},
  publisher = {University of Arizona},
  editor = {Keiichiro Suzuki and Dirk Elzinga},
  booktitle = {Proceedings of the 1995 Southwestern workshop on Optimality Theory},
	title={Partial class behavior and nasal place assimilation},
	author={Padgett, Jaye}
}



@incollection{Campbell1981,
  year  = {1981},
  publisher = {Story-Scientia},
address={Ghent},
  editor = {D. L. Goyvaerts},
  booktitle = {Phonology in the 1980's},
	title={Generative phonology vs. {Finnish} phonology: retrospect and prospect},
	author={Campbell, Lyle}
}

@book{Karlsson1983,
  year  = {1983},
  publisher = {WSOY},
	address={Juva},
	title={Suomen kielen äänne- ja muotorakenne},
	author={Karlsson, Fred Göran}
}

@book{Gordon2016,
  year  = {2016},
  publisher = {Oxford University Press},
	title={Phonological Typology},
	author={Gordon, Matthew}
}


@phdthesis{Coghill2003,
	Author = {Coghill, Eleanor},
	School = {University of {C}ambridge},
	Title = {The {Neo-Aramaic} dialect of {Alqosh}},
	Year = {2003}}

@phdthesis{Djabbari2013,
	Author = {Djabbari, David},
	School = {Universität Wien},
	Title = {Perspectives on {Finnish} Nasal Place Assimilation},
	Year = {2013}}

@book{Suomi2008,
author={Suomi, K. and Toivanen, J. and Ylitalo, R.},
year=2008,
title={Finnish sound structure},
volume={9},
series={Studia Humaniora Ouluensia},
address={Oulu},
publisher={Oulu University Press}}

@article{Carter2007,
	Author = {Paul Carter and John Local},
	Journal = {Journal of the {International Phonetic Association}},
	Month = {jul},
	Number = {02},
	Pages = {183},
	Publisher = {Cambridge University Press ({CUP})},
	Title = {F2 variation in {N}ewcastle and {Leeds English} liquid systems},
	Volume = {37},
	Year = {2007}}

@book{Chispyakov1992,
	Address = {Kemerovo},
	Author = {Chispyakov, E. F.},
	Publisher = {Kemerovskoye knizhnoye izdatel'stvo},
	Title = {Uchebnik shorskogo yazyka: Posobiye dlya prepodavateley i studentov},
	Year = {1992}}

@book{Sleptsov1964,
	Address = {Yakutsk},
	Author = {Sleptsov, P. A.},
	Publisher = {Yakutskoe knizhnoye izdatel'stvo},
	Title = {Russkie leksicheskie zaimstvovanija v jakutskom jazyke (Dorevoljucionnyj
	period)},
	Year = {1964}}

@book{Greenblatt2011,
	Address = {Leiden/Boston},
	Author = {Greenblatt, Jared},
	Publisher = {Brill},
	Series = {Studies in {Semitic} Languages and Linguistics},
	Title = {The {Jewish Neo-Aramaic} Dialect of {Amәdya}},
	Volume = {61},
	Year = {2011}}

@book{Erdal2004,
	Address = {Leiden},
	Author = {Erdal, Marcel},
	Publisher = {Brill},
	Title = {A grammar of {Old Turkic}},
	Year = {2004}}


@book{Fox2009,
	Address = {Piscataway, NJ},
	Author = {Fox, Samuel Ethan},
	Publisher = {Gorgias Press},
	Series = {Gorgias {Neo-Aramaic} Studies},
	Title = {The {Neo-Aramaic} Dialect of {Bohtan}},
	Volume = {9},
	Year = {2009}}

@book{Fassberg2010,
	Address = {Leiden/Boston},
	Author = {Fassberg, Steven E.},
	Publisher = {Brill},
	Series = {Studies in {Semitic} Languages and Linguistics},
	Title = {The {Jewish Neo-Aramaic} Dialect of {Challa}},
	Volume = {54},
	Year = {2010}}

@book{Clark1998,
	Author = {Clark, Larry},
	Publisher = {{Otto Harrassowitz Verlag}},
	Title = {Turkmen reference grammar},
	series={Turcologica},
	Volume = {34},
	Year = {1998}}

@incollection{Clements1982,
	Address = {Dordrecht},
	Author = {Clements, George N. and Sezer, Engin},
	Booktitle = {The Structure of Phonological Representations},
	Editor = {Hulst, Harry van der and Smith, Norval},
	Pages = {213--55},
	Publisher = {Foris},
	Title = {{Vowel and Consonant Disharmony in Turkish}},
	Year = {1982}}

@incollection{Clements1990,
	Address = {Cambridge},
	Author = {Clements, G. N.},
	Booktitle = {Papers in laboratory phonology I: Between the grammar and physics of speech},
	Publisher = {Cambridge University Press},
	Title = {The role of the sonority cycle in core syllabification},
	Year = {1990}}

@incollection{Comrie1997,
	Address = {Winona Lake, Indiana},
	Author = {Comrie, Bernard},
	Booktitle = {Phonologies of {Asia and Africa} (including the {Caucasus})},
	Editor = {Kaye, Alan S.},
	Pages = {899--912},
	Publisher = {Eisenbrauns},
	Title = {Tatar ({Volga Tatar, Kazan Tatar}) phonology},
	Volume = {1},
	Year = {1997}}

@book{Yavuz2011,
	Author = {Yavuz, Handan and Ayla Balcı},
	Publisher = {{Anadolu Üniversitesi}},
	Title = {Turkish Phonology and Morphology ({T}ürkçe Ses ve Biçim Bilgisi)},
	Address={Eskişehir},
	Year = {2011}}

	@incollection{Comrie1997Tr,
		Address = {Winona Lake, Indiana},
		Author = {Comrie, Bernard},
		Booktitle = {Phonologies of {Asia and Africa} (including the {Caucasus})},
		Editor = {Kaye, Alan S.},
		Pages = {883--898},
		Publisher = {Eisenbrauns},
		Title = {Turkish phonology},
		Volume = {1},
		Year = {1997}}

@incollection{Lloret1997,
	Address = {Winona Lake, Indiana},
	Author = {Lloret, Maria-Rosa},
	Booktitle = {Phonologies of {Asia and Africa} (including the {Caucasus})},
	Editor = {Kaye, Alan S.},
	Pages = {493--519},
	Publisher = {Eisenbrauns},
	Title = {Oromo phonology},
	Volume = {1},
	Year = {1997}}

@book{Owens1985,
	Address = {Hamburg},
	Author = {Owens, Jonathan},
	Publisher = {Helmut Buske Verlag},
	Series = {Kuschitische Sprachstudien, Cushitic Language Studies},
	Title = {A Grammar of {Harar Oromo (Northeastern Ethiopia)}},
	Volume = {4},
	Year = {1985}}

@book{Rehg1981,
	Address = {Honolulu},
	Author = {Rehg, Kenneth L.},
	Publisher = {University of Hawaii Press},
	Title = {Ponapean Reference Grammar},
	Year = {1981}}

@incollection{Csato1998,
	Author = {Csat{\'o}, {\'E}va {\'A}gnes and Karako{\c c}, Birsel},
	Pages = {333--343},
	crossref = {TurkicLanguages},
	Title = {Noghay},
	Year = {1998}}

@Book{HGHS,
  booktitle	= {{H}armonic {G}rammar and {H}armonic {S}erialism},
  title		= {{H}armonic {G}rammar and {H}armonic {S}erialism},
  year		= {2016},
  editor	= {McCarthy, John J. and Pater, Joe},
  address	= {London},
  publisher	= {Equinox}
}

@incollection{Kirchner1998,
	Author = {Kirchner, Mark},
	Pages = {318--333},
	crossref = {TurkicLanguages},
	Title = {Kazakh and Karakalpak},
	Year = {1998}}


@incollection{Berta1998,
	Author = {Berta, {\'A}rp{\'a}d},
	Pages = {301--317},
	Title = {{West Kipchak} Languages},
	crossref = {TurkicLanguages}}

@incollection{Steriade2008,
	Address = {Cambridge, MA},
	Author = {Steriade, Donca},
	Booktitle = {The Nature of the Word: Studies in Honor of {Paul Kiparsky}},
	Editor = {Hanson, Kristin and Inkelas, Sharon},
	Pages = {151--180},
	Publisher = {MIT Press},
	Title = {The phonology of perceptibility effects: The {P-map} and its consequences for constraint organization},
	Year = {2008}}

@unpublished{Steriade1981,
author={Steriade, Donca},
title={Parameters of metrical vowel harmony rules},
note={Ms, MIT.},
year=1981}

@incollection{Kaun2004,
  address	= {Cambridge},
  booktitle	= {Phonetically based phonology},
	author={Kaun, Abigail},
  title		= {The typology of rounding harmony},
  editor	= {Hayes, Bruce and Steriade, Donca and Kirchner, Robert},
  publisher	= {Cambridge University Press},
  year		= 2004
}


@incollection{Greenberg1978,
	Address = {Stanford, CA},
	Author = {J. H. Greenberg},
	Booktitle = {Universals of human language},
	Editor = {J. H. Greenberg},
	Pages = {61--91},
	Volume={1},
	Publisher = {Stanford University Press},
	Title = {Diachrony, synchrony, and language universals},
	Year = {1978}}

@Unpublished{	  barnes2007,
  author	= {Barnes, Jonathan},
  note		= {MS., Boston University},
  title		= {Phonetics and phonology in {R}ussian unstressed vowel
		  reduction: a study in hyperarticulation},
  year		= {2007}
}

@article{Iosad2012,
author={Pavel Iosad},
title={Vowel reduction in {Russian}: no phonetics in phonology},
journal={Journal of Linguistics},
issue={48},
pages={521--571},
year={2012}
}

@article{Davis1998,
	Author = {Davis, Stuart},
	Journal = {Journal of {Korean} Linguistics},
	Volume = {23},
	Number={2},
	Pages = {181--211},
	Title = {{Syllable Contact in Optimality Theory}},
	Year = {1998}}

@article{DavisShin1999,
	Author = {Davis, Stuart and Shin, Seung-Hoon},
	Journal = {Journal of East Asian Linguistics},
	Number = {4},
	Pages = {285--312},
	Publisher = {Springer},
	Title = {The syllable contact constraint in {Korean}: An optimality-theoretic analysis},
	Volume = {8},
	Year = {1999}}

@article{Kawahara2007,
	Author = {Kawahara, Shigeto},
	Journal = {Journal of East Asian Linguistics},
	Pages = {113--144},
	Publisher = {Springer},
	Title = {Half-rhymes in {Japanese} rap lyrics and knowledge of similarity},
	Volume = {16},
	Year = {2007}}

@book{Dehghani2000,
	Address = {M{\"u}nchen},
	Author = {Dehghani, Yavar},
	Publisher = {Lincom Europa},
	Title = {A grammar of {Iranian Azari}: Including comparisons with {P}ersian},
	Year = {2000}}

@book{Bliese1981,
	Address = {Arlington},
	Author = {Bliese, Loren},
	Publisher = {Summer Institute of Linguistics and the University of Texas at Arlington},
	Title = {A Generative Grammar of {A}far},
	Year = {1981}}

@incollection{Schulze1994,
	Address = {Delmar, New York},
	Author = {Schulze, Wolfgang},
	Booktitle = {The Indigenous Languages of the {C}aucasus 4 (part 2)},
	Editor = {Smeets, Rieks},
	Pages = {447--514},
	Publisher = {Caravan Books},
	Title = {Udi},
	Year = {1994}}


@InCollection{Yip2005,
  author	= {Yip, Moira},
  title		= {Variability in feature affiliations through violable
		  constraints: the case of [lateral]},
  crossref	= {oostendorp05},
  pages		= {63--92}
}

@Book{		  oostendorp05,
  title		= {The internal organization of phonological segments},
  booktitle	= {The internal organization of phonological segments},
  publisher	= {Mouton de Gruyter},
  year		= 2005,
  editor	= {van Oostendorp, Marc and van de Weijer, Jeroen},
  number	= 77,
  series	= {Studies in Generative Grammar}
}

@book{Schulze1982,
	Address = {Wiesbaden},
	Author = {Schulze, Wolfgang},
	Publisher = {Harrassowitz},
	Title = {{Die Sprache der Uden in Nord-Azerbajdzan}},
	Year = {1982}}

@phdthesis{DeLacy2002,
	Author = {De Lacy, Paul Valiant},
	School = {University of Massachusetts at Amherst},
	Title = {The formal expression of markedness},
	Year = {2002}}

@phdthesis{Baertsch2002,
	Author = {Baertsch, Karen},
	School = {Indiana University},
	Title = {An Optimality Theoretic Approach To Syllable Structure: The Split Margin Hierarchy},
	Year = {2002}}

@phdthesis{Imart1981,
		Author = {Imart, Guy},
		School = {Université de Provence},
		Title = {Le {K}irghiz ({T}urk d’{A}sie {C}entrale {S}oviétique): Description d’une langue de litterisation recente},
		Year = {1981}}


@phdthesis{Vasilyeva2017,
		Author = {Vasilyeva, Lena},
		School = {University of Alberta},
		Title = {Production and perception of vowel harmony: Phonological predictors of ratings and on-line adaptations of {Russian vowels in Yakut (Sakha)}},
		Year = {2017}}

@book{DeLacy2006,
	Address = {Cambridge},
	Author = {De Lacy, Paul},
	Publisher = {Cambridge University Press},
	Title = {Markedness: reduction and preservation in phonology},
	Year = {2006}}

@phdthesis{Dickey1997,
	Author = {Dickey, Laura Walsh},
	School = {University of Massachusetts at Amherst},
	Title = {The phonology of liquids},
	Year = {1997}}

@phdthesis{Dissassa1980,
	Author = {Dissassa, Melaku},
	School = {Kansas State University},
	Title = {Some aspects of {O}romo phonology},
	Year = {1980}}

@book{Dwyer2007,
	Author = {Dwyer, Arienne M},
	Publisher = {Otto Harrassowitz Verlag},
	series={Turcologica},
	Title = {Salar},
	Volume = {37},
	Year = {2007}}

@book{Dyrenkova1940,
	Author = {Dyrenkova, Nade{\v{z}}da Petrovna},
	Publisher = {Izddatel'stvo Akademii Nauk SSSR},
	Title = {Grammatika ojrotskogo j{\^a}zyka},
	Year = {1940}}

@book{Dyrenkova1941,
	Address = {Moscow},
	Author = {Dyrenkova, Nade{\v{z}}da Petrovna},
	Publisher = {Izddatel'stvo Akademii Nauk SSSR},
	Title = {Grammatika shorskogo j{\^a}zyka},
	Year = {1941}}

@article{Fery2003,
	Author = {Caroline F{\'e}ry},
	Journal = {Journal of French Language Studies},
	Month = {sep},
	Number = {2},
	Pages = {247--280},
	Publisher = {Cambridge University Press ({CUP})},
	Title = {Markedness, Faithfulness, Vowel Quality and Syllable Structure in {F}rench},
	Volume = {13},
	Year = {2003}}

@unpublished{Flemming2008,
	Author = {Edward Flemming},
	Note = {Unpublished manuscript, {MIT}},
	Title = {Asymmetries between assimilation and epenthesis},
	Year = {2008},
	url = {http://web.mit.edu/flemming/www/paper/epenthesis.pdf}
}

	@article{Flemming2005,
  title={Deriving natural classes in phonology},
  author={Flemming, Edward},
  journal={Lingua},
  volume={115},
  number={3},
  pages={287--309},
  year={2005},
  publisher={Elsevier}
}

	@article{Kenstowicz1972,
  title={Lithuanian phonology},
  author={Kenstowicz, Michael},
  journal={Studies in the Linguistic Sciences},
  volume={2},
  number={2},
  pages={1--85},
  year={1972}
}


@phdthesis{Fruehwald2013,
	Author = {Fruehwald, Josef},
	School = {University of Pennsylvania},
	Title = {The phonological influence on phonetic change},
	Year = {2013}}

@article{Fruehwald2016,
	Author = {Josef Fruehwald},
	Journal = {Language},
	Number = {2},
	Pages = {376--410},
	Publisher = {Johns Hopkins University Press},
	Title = {The early influence of phonology on a phonetic change},
	Volume = {92},
	Year = {2016}}

@article{Fruehwald2017,
	Author = {Josef Fruehwald},
	Journal = {Language Variation and Change},
	Number = {01},
	Pages = {1--27},
	Publisher = {Cambridge University Press},
	Title = {Generations, lifespans, and the zeitgeist},
	Volume = {29},
	Year = {2017}}

@phdthesis{Gallagher2010,
	Author = {Gallagher, Gillian},
	School = {Massachusetts Institute of Technology},
	Title = {The perceptual basis of long-distance laryngeal restrictions},
	Year = {2010}}

@manual{ggalt,
	Author = {Bob Rudis and Ben Bolker and Jan Schulz},
	Note = {R package version 0.4.0},
	Title = {{ggalt}: Extra Coordinate Systems, 'Geoms', Statistical Transformations, Scales and Fonts for 'ggplot2'},
	Year = {2017}}

@article{ggmap,
	Author = {David Kahle and Hadley Wickham},
	Journal = {The R Journal},
	Number = {1},
	Pages = {144--161},
	Title = {{ggmap}: Spatial Visualization with ggplot2},
	Volume = {5},
	Year = {2013}}

@manual{Glottolog,
	Author = {Harald Hammarstr{\"o}m and Robert Forkel and Martin Haspelmath and Sebastian Bank},
	Month = dec,
	Organization = {Max Planck Institute for the Science of Human History},
	Title = {Glottolog database 2.7},
	Year = 2016}

@unpublished{GopalKauhanenNichols2017,
title= {Modelling similarity-driven phonological generalisations},
author = {Deepthi Gopal and Henri Kauhanen and Stephen Nichols},
year = {2017},
note= {4th Workshop on Sound Change, University of Edinburgh},
URL= {http://people.ds.cam.ac.uk/dg537/papers/wsc4poster.pdf},
}

@book{Goldsmith1976,
	Author = {Goldsmith, John A},
	Publisher = {Indiana University Linguistics Club Bloomington},
	Title = {Autosegmental phonology},
	Volume = {159},
	Year = {1976}}

@book{Goksel2005,
  author	= {Göksel, Aslı and Kerslake, Celia},
  year		= {2005},
  title		= {Turkish: A Comprehensive Grammar},
  address	= {London},
  publisher	= {Routledge}
}



@book{Karahan1996,
  author	= {Karahan, Leyla},
  year		= {1996},
  title		= {Anadolu Ağizlarının Sınıflandırılması},
  series	= {Türk Dil Kurumu},
	volume={630},
	address={Ankara},
	Publisher = {Atat{\"u}rk K{\"u}lt{\"u}r, Dil ve Tarih Y{\"u}ksek Kurumu},
}

@article{Blevins1994,
 author = {Juliette Blevins},
 journal = {Journal of Linguistics},
 number = {2},
 pages = {301--348},
 publisher = {Cambridge University Press},
 title = {A Place for Lateral in the Feature Geometry},
 volume = {30},
 year = {1994}
}



@book{Brendemoen2002,
  title={The {T}urkish dialects of {T}rabzon: their phonology and historical development},
  author={Brendemoen, Bernt},
  volume={1},
  year={2002},
  publisher={Otto Harrassowitz Verlag},
	address={Wiesbaden}
}

@inproceedings{Gouskova2002,
	Author = {Maria Gouskova},
	Booktitle = {{CLS} 38},
	Title = {Exceptions to sonority distance generalizations},
	Year = {2002}}


@inproceedings{HG,
	Author = {Legendre, Géraldine and Yoshiro Miyata and Paul Smolensky},
	Booktitle = {Proceedings of the Twelfth Annual Conference of the Cognitive Science Society},
pages={884--891},
	Title = {Harmonic {G}rammar – a formal multi-level connectionist theory of linguistic wellformedness: An application},
	Year = {1990}}

@Book{Smolensky2006,
  author	= {Smolensky, Paul and Legendre, Géraldine},
  title		= {The Harmonic Mind: From Neural Computation to
		  {O}ptimality-{T}heoretic Grammar},
  publisher	= {The MIT Press},
  year		= 2006,
  address	= {Cambridge, MA}
}

@article{Gouskova2004,
	Author = {Gouskova, Maria},
	Issue = {2},
	Journal = {{Phonology}},
	Pages = {201--250},
	Publisher = {Cambridge University Press},
	Title = {Relational Hierarchies In {Optimality Theory}: The Case Of {Syllable Contact}},
	Volume = {21},
	Year = {2004}}

@book{Hahn1991,
	Author = {Reinhard F. Hahn and Ibrahim, Ablahat},
	Publisher = {University of Washington Press},
	Title = {Spoken {U}yghur},
	Year = {1991}}

@book{Hale2008,
	Address = {Oxford},
	Author = {Hale, Mark and Charles Reiss},
	Publisher = {Oxford University Press},
	Title = {The Phonological Enterprise},
	Year = {2008}}

@Article{Hale2000,
	  author	= {Hale, Mark and Reiss, Charles},
	  title		= {{S}ubstance abuse and
			  dysfunctionalism: current trends in phonology},
	  journal	= {Linguistic Inquiry},
	  year		= 2000,
	  volume	= 31,
	  number	= 1,
	  pages		= {157--169}
	}

	@Article{Odden1988,
		  author	= {Odden, David},
		  title		= {Antiantigemination and the \textsc{Ocp}},
		  journal	= {Linguistic Inquiry},
		  year		= 1988,
		  volume	= 19,
		  pages		= {451--475}
		}

@phdthesis{Hansson2001,
	Author = {Hansson, Gunnar {\'O}lafur},
	School = {University of California, Berkeley},
	Title = {Theoretical and typological issues in consonant harmony},
	Year = {2001}}

	@phdthesis{Soskuthy2013,
		Author = {Sóskuthy, Márton},
		School = {University of Edinburgh},
		Title = {Phonetic biases and systemic effects in the actuation of sound change},
		Year = {2013}}

@article{Hansson2010,
	Author = {Hansson, Gunnar {\'O}lafur},
	Journal = {UC Publications in Linguistics},
	Title = {Consonant harmony: long-distance interaction in phonology},
	Year = {2010}}

@book{Harrell1962,
	Address = {Washington},
	Author = {Harrell, Richard S.},
	Iso_Code = {Ary},
	Olac_Field = {Typology; semantics; morphology; syntax; general_linguistics},
	Publisher = {Georgetown University Press},
	Title = {A Short Reference Grammar of {Moroccan Arabic}},
	Wals_Code = {Amr},
	Year = {1962}}

@book{Hayes2004,
	Address = {Cambridge},
	Booktitle = {Phonetically based phonology},
	Editor = {Hayes, Bruce and Steriade, Donca and Kirchner, Robert},
	Publisher = {Cambridge University Press},
	Title = {Phonetically based phonology},
	Year = 2004}

@book{Hayward1984,
	Author = {Hayward, Dick},
	Publisher = {Buske Verlag},
	Title = {The {Arbore} language: a first investigation, including a vocabulary},
	Volume = {2},
	Year = {1984}}

@book{Hebert1963,
	Address = {Bloomington},
	Author = {Herbert, R. J. and Poppe, N.},
	Publisher = {Indiana University Press},
	Title = {Kirghiz Manual},
	Year = {1963}}

@book{Hu1987,
	Address = {Bloomington, Indiana},
	Author = {Hu, Zhen-hua and Imart, Guy},
	Publisher = {Indiana University Research Institute for Inner Asian Studies},
	Series = {Papers on Inner Asia},
	Volume={8},
	Title = {{Fu-yü Gïrgïs}: A tentative description of the easternmost {Turkic} language},
	Year = {1987}}

@incollection{Hermans2005,
	Author = {Hermans, Ben and van Oostendorp, Marc},
	Booktitle = {{Organizing Grammar: Linguistic Studies in Honor of Henk van Riemsdijk}},
	Pages = {206--221},
	Publisher = {Mouton de Gruyter},
	Title = {Against the sonority scale: evidence from {Frankish} tones},
	Year = {2005}}

@incollection{Botma2012,
  title={A propos of the {D}utch vowel system 21 years on, 22 years on},
  author={Botma, Bert and Van Oostendorp, Marc},
  booktitle={Phonological explorations: Empirical, theoretical and diachronic issues},
  pages={1--16},
	editor={Botma, Bert and Noske, Roland},
  year={2012},
  publisher={Mouton de Gruyter},
	address={Berlin/Boston}
}

@incollection{Hulst1991,
	Address = {Leiden},
	Author = {Hulst, Harry van der and Weijer, Jeroen van de},
	Booktitle = {{Turkish Linguistics Today}},
	Editor = {Boeschoten, Hendrik and Verhoeven, Ludo},
	Pages = {11--5},
	Publisher = {E.~J. Brill},
	Title = {{Topics in Turkish Phonology}},
	Year = {1991}}

@incollection{Hyman2001,
	Address = {New York},
	Author = {Hyman, Larry M.},
	Booktitle = {The Role of Speech Perception in Phonology},
	Editor = {Elizabeth Hume and Keith Johnson},
	Pages = {141--185},
	Publisher = {Academic Press},
	Title = {The Limits of Phonetic Determinism in Phonology. *{NC} revisited.},
	Year = {2001}}

@Article{Nosofsky1986,
   Author={Nosofsky, R. M.},
   Title="{{A}ttention, similarity, and the identification-categorization relationship}",
   Journal="Journal of Experimental Psychology: General",
   Year="1986",
   Volume="115",
   Number="1",
   Pages="39--61",
   Month="Mar"
}

@Article{Minda2001,
   Author={Minda, J. P. and Smith, J. D.},
   Title="{Prototypes in category learning: The effects of category size, category structure, and stimulus complexity}",
   Journal="Journal of Experimental Psychology: Learning, Memory, and Cognition",
   Year="2001",
   Volume=27,
   Pages="775-799",
}

@Article{Nosofsky1990,
   Author={Nosofsky, R. M.},
   Title={Relations between exemplar-similarity and likelihood models of
classification},
   Journal=" Journal of Mathematical Psychology",
   Year="1990",
   Volume="34",
   Pages="393--418"
}


@Article{Ashby1995,
   Author={Ashby, F. G. and L. A. Alfonso-Reese},
   Title={Categorization as probability density estimation},
   Journal=" Journal of Mathematical Psychology",
   Year="1995",
   Volume="39",
   Pages="216--233"
}

@article{Tversky1977,
  year  = {1977},
  publisher = {American Psychological Association ({APA})},
  volume = {84},
  number = {4},
  pages = {327--352},
  author = {Amos Tversky},
  title = {Features of similarity.},
  journal = {Psychological Review}
}

@article{Rehder2003,
  title={Categorization as causal reasoning⋆},
  author={Rehder, Bob},
  journal={Cognitive Science},
  volume={27},
  number={5},
  pages={709--748},
  year={2003},
  publisher={Wiley Online Library}
}

@article{Torgerson1965,
  year  = {1965},
  publisher = {Springer Nature},
  volume = {30},
  number = {4},
  pages = {379--393},
  author = {Warren S. Torgerson},
  title = {Multidimensional scaling of similarity},
  journal = {Psychometrika}
}

@incollection{Johnson1997,
author={Johnson,Keith},
year={1997},
title={Speech perception without speaker normalization},
editor={Keith Johnson and John W. Mullennix},
booktitle={Talker variability in speech processing},
address={San Diego},
publisher={Academic Press},
pages={145--165}}

@incollection{Hyman1976,
	Address = {Saratoga},
	Author = {Hyman, Larry M.},
	Booktitle = {Linguistic studies presented to {J}oseph {H}. {G}reenberg},
	Editor = {Juilland, Alphonse},
	Pages = {407--418},
	Publisher = {Anna Libri},
	Title = {Phonologization},
	Year = 1976}

@incollection{Inkelas1999,
	Author = {Inkelas, Sharon},
	Booktitle = {The prosody-morphology interface},
	Editor = {Ren{\'e} Kager and Harry van der Hulst and Wim Zonneveld},
	Pages = {134--187},
	Publisher = {Cambridge University Press},
	Title = {Exceptional stress-attracting suffixes in {T}urkish: representations versus the grammar},
	Year = {1999}}

@article{Inkelas2003,
	Author = {Inkelas, Sharon and Orgun, Cemil Orhan},
	Journal = {Phonology},
	Number = {01},
	Pages = {139--161},
	Publisher = {Cambridge University Press},
	Title = {{T}urkish stress: a review},
	Volume = {20},
	Year = {2003}}

@phdthesis{Iosad2013,
	Author = {Iosad, Pavel},
	School = {Universitetet i Troms{\o}},
	Title = {Representation and variation in substance-free phonology: a case study in Celtic},
	Year = {2013}}

@article{Iverson1994,
	Author = {Iverson, Gregory and Sohn, Hyang-Sook},
	Journal = {Theoretical Issues in {Korean} Linguistics},
	Pages = {77--100},
	Publisher = {CSLI Publications},
	Title = {Liquid representation in {Korean}},
	Year = {1994}}

@book{Wordick1982,
  address    = {Canberra},
  author     = {Wordick, F.  J.  F.},
  publisher  = {Australian National University},
  series     = {Pacific Linguistics, Series C},
  title      = {The Yindjibarndi Language},
  volume     = {71},
  year       = {1982},
}

@inproceedings{JandaJoseph2003,
	Address = {Amsterdam},
	Author = {Janda, Richard D. and Joseph, Brian D.},
	Booktitle = {{Historical Linguistics 2001: Selected Papers from the 15\textsuperscript{Th} International Conference on Historical Linguistics}},
	Editor = {Blake, Barry J. and Burridge, Kate},
	Pages = {206--19},
	Publisher = {John Benjamins},
	Title = {Reconsidering the Canons of Sound-Change: Towards a ``{Big Bang}'' Theory},
	Year = {2003}}



@incollection{Janda2003,
	Author = {Janda, Richard D.},
		Address = {Oxford},
		Booktitle = {The handbook of historical linguistics},
		Editor = {Joseph, Brian R. and Janda, Richard D.},
		Publisher = {Blackwell},
		Year = 2003,
	Pages = {402--422},
	Title = {{P}honologization as the start of dephoneticization--or, on sound change and its aftermath: {O}f extension, generalization, lexicalization, and morphologization}}

@inproceedings{Jany2007,
	Author = {Jany, Carmen and Gordon, Matthew and Nash, Carlos M and Takara, Nobutaka},
	Booktitle = {Proceedings of the {ICPhS}},
	Pages = {1401--1404},
	Title = {How universal is the sonority hierarchy?: a cross-linguistic acoustic study},
	Volume = {16},
	Year = {2007}}

@article{Sonderegger2011,
  year  = {2011},
  volume = {25},
  number = {3},
  pages = {655--678},
  author = {Morgan Sonderegger},
  title = {Applications of graph theory to an {English} rhyming corpus},
  journal = {Computer Speech {\&} Language}
}

	@inproceedings{Steriade2003,
		Author = {Steriade, Donca},
		Booktitle = {Proceedings of the {ICPhS}},
		Pages = {363--366},
		Title = {Knowledge of perceptual similarity and its phonological uses: evidence from half-rhymes},
		Volume = {15},
		Year = {2003}}

@book{Jakobi1990,
	Address = {Hamburg},
	Author = {Jakobi,Angelika},
	Publisher = {Helmut Buske Verlag},
	Title = {A {Fur} grammar},
	Year = {1990}}

@book{Jespersen1904,
	Address = {Leipzig \& Berlin},
	Author = {Jespersen, Otto},
	Publisher = {Teubner},
	Title = {Lehrbuch der {P}honetik},
	Year = {1904}}


@book{Schmidt1872,
	Address = {Weimar},
	Author = {Schmidt, Johannes},
	Publisher = {Hermann Böhlau},
	Title = {Die {Verwandtschaftsverhältnisse} der indogermanischen {Sprachen}},
	Year = {1872}}

@book{Bloomfield1933,
	Address = {New York},
	Author = {Bloomfield, Leonard},
	Publisher = {Holt},
	Title = {Language},
	Year = {1933}}
.

@incollection{Johanson1998,
	Author = {Johanson, Lars},
	Title = {The history of {T}urkic},
	crossref = {TurkicLanguages},
	pages={81--125}}

@article{Kauhanen2018,
   author = {{Kauhanen}, Henri and {Gopal}, Deepthi and {Galla}, Tobias and {Berm{\'u}dez-Otero}, Ricardo},
    title = "{Geospatial distributions reflect rates of evolution of features of language}",
  journal = {arXiv e-prints},
archivePrefix = "arXiv",
   volume = {1801.09637},
     year = 2018,
}

@article{Cailliez1983,
  doi = {10.1007/bf02294026},
  url = {https://doi.org/10.1007/bf02294026},
  year  = {1983},
  month = {jun},
  publisher = {Springer Nature},
  volume = {48},
  number = {2},
  pages = {305--308},
  author = {Francis Cailliez},
  title = {The analytical solution of the additive constant problem},
  journal = {Psychometrika}
}

@article{Frisch2004,
  title={Similarity avoidance and the {OCP}},
  author={Frisch, Stefan A and Pierrehumbert, Janet B and Broe, Michael B},
  journal={Natural Language \& Linguistic Theory},
  volume={22},
  number={1},
  pages={179--228},
  year={2004},
  publisher={Springer}
}


@article{Padgett1994,
  title={Stricture and nasal place assimilation},
  author={Padgett, Jaye},
  journal={Natural Language \& Linguistic Theory},
  volume={12},
  number={1},
  pages={465--513},
  year={1994},
  publisher={Springer}
}

@incollection{Johanson1998b,
	crossref = {TurkicLanguages},
	Author = {Johanson, Lars},
	Title = {The structure of {T}urkic},
	pages={30--66}}


@incollection{Boeschoten1998,
	crossref = {TurkicLanguages},
	Author = {Boeschoten, Hendrik},
	Title = {The structure of {T}urkic},
	pages={1--15}}

@book{Aralova2015,
	Author = {Aralova, Natalia},
	Series={LOT Dissertation Series},
	Volume={400},
	address={Utrecht},
	Publisher={LOT},
	Title = {Vowel harmony in two {Even} dialects: Production and perception},
	Year = {2015}}


@book{Pakendorf2007,
	Author = {Pakendorf, Brigitte},
	Series={LOT Dissertation Series},
	Volume={170},
	address={Utrecht},
	Publisher={LOT},
	Title = {Contact in the prehistory of the {Sakha (Yakuts)}: Linguistic and genetic perspectives},
	Year = {2007}}

@phdthesis{Jurgec2011,
	Author = {Jurgec, Peter},
	School = {Universitetet i Troms{\o}},
	Title = {Feature spreading 2.0: A unified theory of assimilation},
	Year = {2011}}

	@phdthesis{Frisch1997,
		Author = {Frisch, Stefan A},
		School = {Northwestern University},
		Title = {Similarity and frequency in phonology},
		Year = {1997}}

@article{Kabak2001,
	Author = {Kabak, Barı{\c s} and Vogel, Irene},
	Journal = {Phonology},
	Number = {03},
	Pages = {315--360},
	Publisher = {Cambridge University Press},
	Title = {The phonological word and stress assignment in {T}urkish},
	Volume = {18},
	Year = {2001}}

@incollection{Kabak2011,
	Address = {Oxford},
	Author = {Kabak, Barı{\c s}},
	Booktitle = {{The Blackwell Companion to Phonology}},
	Editor = {van Oostendorp, Marc and Ewen, Colin J. and Hume, Elizabeth and Rice, Keren},
	Pages = {2831--53},
	Publisher = {Wiley-Blackwell},
	Title = {{Turkish Vowel Harmony}},
	Year = {2011}}

@article{Karakoc2013,
  title		= {Az konu{\c{S}}urlu bir {T}{\"u}rk dili: {Nogayca ve
		  Nogaylar} {\"u}zerine},
  author	= {Karakoç, Birsel},
  journal	= {Tehlikedeki Diller Dergisi},
  volume	= {2},
  number	= {2},
  pages		= {273--301},
  year		= {2013}
}

@book{Kavitskaya2010,
	Address = {M{\"u}nchen},
	Author = {Kavitskaya, Darya},
	Publisher = {Lincom Europa},
	Title = {{Crimean Tatar}},
	Year = {2010}}

@book{Keel1982,
	Author = {Keel, William D},
	Publisher = {Gunter Narr T{\"u}bingen},
	Title = {Atomic phonology and phonological variation},
	Volume = {16},
	Year = {1982}}

@book{Khan2008,
	Author = {Khan, Geoffrey},
	Publisher = {Brill},
	Title = {The neo-{A}ramaic dialect of {B}arwar},
	Volume = {96},
	Year = {2008}}

@phdthesis{Kim2008,
	Author = {Kim, Yuni},
	School = {University of California, Berkeley},
	Title = {Topics in the phonology and morphology of {San Francisco del Mar Huave}},
	Year = {2008}}

@book{Kimball1991,
	Address = {Lincoln, Nebraska},
	Author = {Kimball, Geoffrey},
	Iso_Code = {Cku},
	Olac_Field = {Syntax; typology; general_linguistics; semantics; morphology; phonetics; phonology},
	Publisher = {University of Nebraska Press},
	Title = {Koasati Grammar},
	Wals_Code = {Koa},
	Year = {1991}}

@incollection{Kiparsky1995,
	Author = {Kiparsky, Paul},
	Crossref = {Goldsmith1995},
	Pages = {640--670},
	Title = {The phonological basis of sound change},
	Year = {1995}}

@Article{Kiparsky2006,
  author	= {Kiparsky, Paul},
  title		= {The {A}mphichronic {P}rogram vs.~{E}volutionary
		  {P}honology},
  journal	= {Theoretical Linguistics},
  year		= 2006,
  volume	= 32,
  number	= 2,
  pages		= {217--236}
}

@book{Kornfilt1997,
	Address = {London},
	Author = {Kornfilt, Jaklin},
	Publisher = {Routledge},
	Title = {{Turkish}},
	Year = {1997}}

@book{Kotvic1962,
	Address = {Moscow},
	Author = {Kotvi{\v{c}}, V.},
	Publisher = {Izdatel'stvo inostrannoj literatury},
	Title = {Issledovanie po altajskim jazykam},
	Year = {1962}}

@incollection{Sezer1986,
	Author = {Sezer, Engin},
	Crossref = {Wetzels1986},
	Pages = {227--250},
	Title = {An autosegmental analysis of compensatory lengthening in {Turkish}},
	Year = {1986}}

@book{Wetzels1986,
	Address = {Dordrecht},
	Editor = {Wetzels, Leo and Engin Sezer},
	Publisher = {Foris},
	booktitle = {Studies in compensatory lengthening},
	Year = {1986}}

@phdthesis{Quick2003,
	Address = {Canberra},
	Author = {Quick, Philip A.},
	Pages = {675},
	School = {Australian National University},
	Title = {A grammar of the {Pendau} language},
	Year = {2003}}

@book{Schuh1998,
	Address = {Berkeley},
	Author = {Schuh, Russell G.},
	Publisher = {University of California Press},
	Series = {University of California Publications in Linguistics},
	Title = {A Grammar of {M}iya},
	Volume = {130},
	Year = {1998}}

@book{Nichols2011,
	Address = {Berkeley},
	Author = {Nichols, Johanna},
	Publisher = {University of California Press},
	Series = {University of California Publications in Linguistics},
	Title = {Ingush Grammar},
	Volume = {143},
	Year = {2011}}

  @book{Kroeber1911,
  Publisher = {University of {C}alifornia Press},
  Series = {University of {C}alifornia Publications in {American} Archaeology and Ethnology},
  Title={The Languages of the coast of {California} north of {San Francisco}},
  Author={Kroeber, A. L.},
  Address={Berkeley},
  Year={1911},
  Volume={9},
  Pages={273--435}}

@book{Krueger1961,
	Address = {Bloomington},
	Author = {Krueger, John Richard},
	Publisher = {Indiana University Press},
	Title = {Chuvash manual},
	Year = {1961}}


	@book{Waddington1939,
		Address = {London},
		Author = {Waddington, Conrad Hal},
		Publisher = {George Allen \& Unwin},
		Title = {An introduction to modern genetics},
		Year = {1939}}

@article{Mazur2004,
  year  = {2004},
  month = {apr},
  publisher = {American Mathematical Society ({AMS})},
  volume = {41},
  number = {03},
  pages = {307--337},
  author = {Barry Mazur},
  title = {Perturbations,  deformations,  and variations  (and {\textasciigrave}{\textasciigrave}near-misses") in geometry,  physics,  and  number theory},
  journal = {Bulletin of the American Mathematical Society}
}

@book{Krueger1962,
	Address = {Bloomington},
	Author = {Krueger, John Richard},
	Publisher = {Indiana University Press},
	Title = {Yakut manual: area handbook, grammar, graded reader and glossary},
	Volume = {21},
	Year = {1962}}

	@book{Krueger1977,
		Address = {Bloomington},
		Author = {Krueger, John Richard},
		Publisher = {Indiana University Press},
		Title = {Tuvan Manual: Area Handbook, Grammar, Reader, Glossary, Bibliography.},
		Year = {1977}}

@book{Moreno1940,
	Address = {Milano},
	Author = {Moreno, Martino Mario},
	Publisher = {Mondadori},
	Title = {Manuale di {S}idamo},
	Year = {1940}}

@book{Gasparini1983,
	Address = {Bologna},
	Author = {Gasparini, Armido},
	Publisher = {E.M.I},
	Title = {Sidamo-{English} dictionary},
	Year = {1983}}

@incollection{Lass1975,
	Address = {Ghent},
	Author = {Lass, Roger},
	Booktitle = {Essays on the sound pattern of {English}},
	Editor = {Goyvaerts, Didier L. and Pullum, Geoffrey K.},
	Pages = {475--504},
	Publisher = {E. Story-Scientia},
	Title = {How intrinsic is content? {Markedness}, sound change, and `family universals'},
	Year = {1975}}

@phdthesis{Leben1973,
	Author = {Leben, William Ronald},
	School = {Massachusetts Institute of Technology},
	Title = {Suprasegmental phonology.},
	Year = {1973}}

@phdthesis{Kauhanen2018thesis,
	Author = {Kauhanen, Henri},
	School = {University of Manchester},
	Title = {Individual and population in language change: mathematical explorations of the acqisition–use loop},
	Year = {2018}}

@Book{SPE,
  address	= {New York},
  author	= {Noam Chomsky and Morris Halle},
  publisher	= {Harper and Row},
  title		= {The Sound Pattern of {E}nglish},
  year		= {1968}
}

@incollection{Rips1989,
  title={Similarity, typicality, and categorization},
  author={Rips, Lance J},
	booktitle={Similarity and analogical reasoning},
	editor={S. Vosniadou and A. Ortony},
  address={Cambridge},
	publisher={Cambridge University Press},
  year={1989}
}

@InProceedings{Pierrehumbert2001,
  author	= {Pierrehumbert, Janet},
  title		= {Exemplar dynamics: word frequency, lenition, and
		  contrast},
  booktitle	= {Frequency effects and emergent grammar},
  year		= 2001,
  editor	= {Bybee, Joan and Hopper, Paul J.},
  pages		= {137--158},
  address	= {Amsterdam},
  publisher	= {John Benjamins}
}


@InProceedings{Pierrehumbert2002,
  author	= {Pierrehumbert, Janet},
  title		= {Word-specific phonetics},
  crossref	= {labphon7},
  pages		= {101--140}
}


@Book{labphon7,
  editor	= {Gussenhoven, Carlos and Warner, Natasha},
  title		= {Laboratory {P}honology 7},
  booktitle	= {Laboratory {P}honology 7},
  publisher	= {Mouton de Gruyter},
  year		= 2002,
  booktile	= {Laboratory {P}honology 7},
  address	= {Berlin, New York}
}

@incollection{Goodman1972,
	author = {Nelson Goodman},
	editor = {Nelson Goodman},
	title = {Seven Strictures on Similarity},
	year = {1972},
	publisher = {Bobbs-Merrill},
	pages={23--32},
	address={New York},
	booktitle = {Problems and Projects}
}

@article{Goldstone1994,
  title={The role of similarity in categorization: Providing a groundwork},
  author={Goldstone, Robert L},
  journal={Cognition},
  volume={52},
  number={2},
  pages={125--157},
  year={1994},
  publisher={Elsevier}
}

@article{Medin1978,
  title={Context theory of classification learning},
  author={Medin, Douglas L and Schaffer, Marguerite M},
  journal={{Psychological Review}},
  volume={85},
  number={3},
  pages={207},
  year={1978},
  publisher={American Psychological Association}
}

@incollection{Danks2007,
author={Danks, David},
year={2007},
title={Theory unification and graphical models in human categorization},
editor={A. Gopnik and L. Schulz},
booktitle={Causal learning: Psychology, philosophy, and computation},
pages={173--189},
address={Oxford},
publisher={Oxford University Press}
}

@Book{JFH,
  address	= {Cambridge, Mass.},
  author	= {Jakobson, Roman and Fant, Gunnar and Halle, Morris},
  publisher	= {MIT Press},
  title		= {Preliminaries to speech analysis},
  year		= {1951}
}

@Book{Archangeli1994,
  address	= {Cambridge, Mass.},
  author	= {Archangeli, Diana and Douglas Pulleyblank},
  publisher	= {MIT Press},
  title		= {Grounded Phonology},
  year		= {1995}
}

@book{Lewis1967,
	Address = {Oxford},
	Author = {Lewis, G. L.},
	Publisher = {Oxford University Press},
	Title = {{Turkish Grammar}},
	Year = {1967}}

@book{Li2008,
	Address = {Seoul},
	Author = {Li, Yong-S{\u{o}}ng and Lee, Ho-young and Choi, Hyong-won and Kim, Geon Sook and Lee, Dong Eun and {{\"O}}lmez, Mehmet},
	Publisher = {Seoul National University Press},
	Series = {Altaic Languages Series},
	Title = {A study of the {Middle Chulym dialect of the Chulym language}},
	Volume = {3},
	Year = {2008}}

@article{lme4,
	Author = {Douglas Bates and Martin M{\"a}chler and Ben Bolker and Steve Walker},
	Journal = {Journal of Statistical Software},
	Number = {1},
	Pages = {1--48},
	Title = {Fitting Linear Mixed-Effects Models Using {lme4}},
	Volume = {67},
	Year = {2015}}

@article{Lobanov1971,
	Author = {Lobanov, Boris M},
	Journal = {Journal of the Acoustical Society of America},
	Number = {2B},
	Pages = {606--608},
	Publisher = {ASA},
	Title = {Classification of {R}ussian vowels spoken by different speakers},
	Volume = {49},
	Year = {1971}}

@article{Lindblom1963,
	Author = {Lindblom, Björn},
	Journal = {Journal of the Acoustical Society of America},
	Pages = {1773--1781},
	Publisher = {ASA},
	Title = {Spectrographic study of vowel reduction},
	Volume = {35},
	Year = {1963}}


@article{Lubowicz2002,
	Author = {{\L}ubowicz, Anna},
	Journal = {Lingua},
	Number = {4},
	Pages = {243--280},
	Publisher = {Elsevier},
	Title = {Derived environment effects in {Optimality Theory}},
	Volume = {112},
	Year = {2002}}

@book{Maceachern1999,
	Author = {MacEachern, Margaret R},
	Publisher = {Psychology Press},
	Title = {Laryngeal cooccurrence restrictions},
	Year = {1999}}

@phdthesis{Maceachern1997,
	Author = {MacEachern, Margaret R},
	School = {University of California, Los Angeles},
	Title = {Laryngeal cooccurrence restrictions},
	Year = {1997}}

@Article{Gallagher2009,
author="Gallagher, Gillian and Coon, Jessica",
title="Distinguishing total and partial identity: Evidence from Chol",
journal="Natural Language {\&} Linguistic Theory",
year="2009",
volume="27",
number="3",
pages="545--582"
}

@article{stanton2016, title={Wm. G. Bennett (2015). The phonology of consonants: harmony, dissimilation, and correspondence. (Cambridge Studies in Linguistics 147.) Cambridge: Cambridge University Press. Pp. xix 394.}, volume={33}, number={3}, journal={Phonology}, publisher={Cambridge University Press}, author={Stanton, Juliet}, year={2016}, pages={533–544}}



@book{Matisoff2003,
	Author = {Matisoff, James A},
	Publisher = {Univ of California Press},
	Title = {Handbook of {Proto-Tibeto-Burman}: system and philosophy of {Sino-Tibetan} reconstruction},
	Volume = {135},
	Year = {2003}}

@phdthesis{Mawkanuli2004,
	Author = {Maw\-kanuli, Talant},
	School = {University of Michigan},
	Title = {{The phonology and morphology of Jungar Tuva}},
	Year = {2004}}


@phdthesis{Kopkalli1993,
	Author = {Kopkallı, Handan},
	School = {University of Michigan},
	Title = {A Phonetic and Phonological Analysis of Final Devoicing in {T}urkish},
	Year = {1993}}

@article{Mccarthy1986,
	Author = {McCarthy, John J},
	Journal = {Linguistic {I}nquiry},
	Number = {2},
	Pages = {207--263},
	Publisher = {JSTOR},
	Title = {{OCP} effects: Gemination and antigemination},
	Volume = {17},
	Year = {1986}}

@incollection{McCarthy1995,
	Address = {Amherst},
	Author = {McCarthy, John J and Prince, Alan},
	Booktitle = {University of {Massachusetts} Occasional Papers in Linguistics 18: Papers in {Optimality Theory}},
	Publisher = {GLSA, University of Massachusetts},
	Title = {Faithfulness and reduplicative identity},
	Year = {1995}}

@book{Mccarthy2002,
	Author = {McCarthy, John J},
	Publisher = {Cambridge University Press},
	Title = {A thematic guide to {Optimality Theory}},
	Year = {2002}}

@book{Mielke2008,
	Author = {Mielke, Jeff},
	Publisher = {Oxford University Press},
	Title = {The emergence of distinctive features},
	Year = {2008}}

@book{Moren2001,
	Address = {London, New York},
	Author = {Mor{\'e}n, Bruce},
	Publisher = {Routledge},
	Title = {Distinctiveness, coercion, and sonority: a unified theory of weight},
	Year = {2001}}

@unpublished{Mortensen2003,
	Author = {Mortensen, David},
	Note = {Unpublished manuscript, {University of California at Berkeley}},
	Title = {Comparative {T}angkhul},
	Year = {2003},
	Url={http://www.davidmortensen.org/papers/comparative_tangkhul.pdf}}

@unpublished{Washington2011,
	Author = {Washington, Jonathan North},
	Note = {Handout for talk given at the 12th annual {Central Eurasian Studies Society} conference.},
	Title = {Phonological unfaithfulness of {Turkic} /n/ in initial position},
	Year = {2011}}

@unpublished{Plaster2008,
	Author = {Plaster, Keith},
	Note = {Handout for talk given at the 28th Annual {Harvard Celtic} Colloquium.},
	Title = {Rhyme in {Old and Middle Irish} verse: a new analysis},
	Year = {2008}}


@article{Howe2004,
  title={Harmonic scales as faithfulness},
  author={Howe, Darin and Pulleyblank, Douglas},
  journal={Canadian Journal of Linguistics/Revue canadienne de linguistique},
  volume={49},
  number={1},
  pages={1--49},
  year={2004},
  publisher={Cambridge University Press}
}

@phdthesis{Mortensen2006,
	Author = {Mortensen, David},
	School = {University of California at Berkeley},
	Title = {Logical and Substantive Scales in Phonology},
	Year = {2006}}


@phdthesis{Mielke2004,
	Author = {Mielke, Jeff},
	School = {The Ohio State University},
	Title = {The emergence of distinctive features},
	Year = {2004}}

@book{Mukhamedova2015,
	Author = {Mukhamedova, Raikhangul},
	Publisher = {Routledge},
	Title = {Kazakh: A Comprehensive Grammar},
	Year = {2015}}

@article{Murray1983,
	Author = {Robert W. Murray and Theo Vennemann},
	Journal = {Language},
	Pages = {514--528},
	Title = {Sound change and syllable structure in {G}ermanic phonology},
	Volume = {59},
	Year = {1983}}

@incollection{Nevins2003,
	Address = {Cambridge, MA},
	Author = {Nevins, Andrew and Vaux, Bert},
	Booktitle = {Proceedings of the {Workshop on Altaic in Formal Linguistics}},
	Editor = {Aniko Csirmaz and Youngjoo Lee and Mary-Ann Walter},
	Pages = {175--194},
	Publisher = {{MIT Press}},
	Title = {Consonant harmony in {K}araim},
	Year = {2003}}

@book{Odden2005,
	Address = {Cambridge},
	Author = {Odden, David},
	Publisher = {{Cambridge University Press}},
	Title = {Introducing phonology},
	Year = {2005}}

@phdthesis{Orkaydo2013,
	Author = {Orkaydo, Ongaye},
	School = {Leiden University},
	Title = {A grammar of {K}onso},
	Year = {2013}}

@book{Stroomer1995,
	Address = {Köln},
	Author = {Stroomer, Harry},
	Publisher = {{Rüdiger Köppe Verlag}},
	Title = {A grammar of {Boraana Oromo (Kenya)}: phonology, morphology, vocabularies},
	Year = {1995}}

@phdthesis{Parker2002,
	Author = {Parker, Stephen George},
	School = {University of Massachusetts at Amherst},
	Title = {Quantifying the sonority hierarchy},
	Year = {2002}}

@article{Parker2008,
	Author = {Parker, Stephen George},
	Journal = {Journal of {P}honetics},
	Number = {1},
	Pages = {55--90},
	Publisher = {Elsevier},
	Title = {Sound level protrusions as physical correlates of sonority},
	Volume = {36},
	Year = {2008}}

@manual{PhonR,
	Author = {Daniel R. McCloy},
	Note = {R package version 1.0-7},
	Title = {{PhonR}: tools for phoneticians and phonologists},
	Year = {2016}}

@article{Pons2011,
	Author = {Pons-Moll, Cl{\`a}udia},
	Journal = {Probus},
	Number = {1},
	Pages = {105--173},
	Title = {It is all downhill from here: A typological study of the role of {Syllable Contact} in {Romance} languages},
	Volume = {23},
	Year = {2011}}

@book{Poppe1964,
	Address = {Bloomington},
	Author = {Poppe, Nikola{\"\i} Nikolaevich},
	Publisher = {Indiana University Press},
	Title = {Bashkir manual: descriptive grammar and texts with a {Bashkir-English} glossary},
	Year = {1964}}

@book{Poppe1968,
	Author = {Poppe, Nikola{\"\i} Nikolaevich},
	Publisher = {Indiana University Press},
	Title = {Tatar manual: descriptive grammar and texts with a {Tatar-English} glossary},
	Volume = {25},
	Year = {1968}}

@misc{Praat,
	Author = {Boersma, Paul and Weenink, David},
	Title = {Praat: doing phonetics by computer},
	Url = {http://www.praat.org/},
	Version = {6.0.28},
	Year = {2017},
	Bdsk-Url-1 = {http://www.praat.org/}}

@phdthesis{Proctor2009,
	Author = {Proctor, Michael Ian},
	School = {Yale University},
	Title = {Gestural characterization of a phonological class: The liquids},
	Year = {2009}}

@phdthesis{Harrison2000,
	Author = {Harrison, K. David},
	School = {Yale University},
	Title = {Topics in the phonology and morphology of {Tuvan}},
	Year = {2000}}

@manual{r,
	Address = {Vienna, Austria},
	Author = {{R Core Team}},
	Organization = {R Foundation for Statistical Computing},
	Title = {R: A Language and Environment for Statistical Computing},
	Url = {http://www.R-project.org/},
	Year = {2017},
	Bdsk-Url-1 = {http://www.R-project.org/}}

@article{Recasens2005,
	Author = {Daniel Recasens and Aina Espinosa},
	Journal = {Journal of the International Phonetic Association},
	Month = {jun},
	Number = {1},
	Pages = {1--25},
	Publisher = {Cambridge University Press ({CUP})},
	Title = {Articulatory, positional and coarticulatory characteristics for clear /l/ and dark /l/: evidence from two {C}atalan dialects},
	Volume = {35},
	Year = {2005}}

@article{Recasens2012,
	Author = {Daniel Recasens},
	Journal = {Language and Speech},
	Month = {may},
	Number = {1},
	Pages = {45--68},
	Publisher = {{SAGE} Publications},
	Title = {Coarticulation in {C}atalan Dark [l̴] and the Alveolar Trill: General Implications for Sound Change},
	Volume = {56},
	Year = {2012}}

@book{Recasens2014,
	Author = {Daniel Recasens},
	address = {Amsterdam},
	Publisher = {John Benjamins},
	Title = {Coarticulation and Sound Change in {Romance}},
	Year = {2014}}

@book{Riad2014,
	Address = {New York},
	Author = {Riad, Tomas},
	Publisher = {Oxford University Press},
	Title = {{The phonology of Swedish}},
	Year = {2014}}

@article{Rice2005,
	Author = {Rice, Keren},
	Journal = {Toronto Working Papers in Linguistics},
	Pages = {31--44},
	Title = {Liquid relationships},
	Volume = {24},
	Year = {2005}}

@article{Rose2000,
	Author = {Sharon Rose},
	Journal = {Phonology},
	Pages = {397--425},
	Title = {Epenthesis positioning and syllable contact in {C}haha},
	Volume = {17},
	Year = {2000}}

@article{Rose2004,
	Author = {Rose, Sharon and Walker, Rachel},
	Journal = {Language},
	Number = {3},
	Pages = {475--531},
	Publisher = {Linguistic Society of America},
	Title = {A typology of consonant agreement as correspondence},
	Volume = {80},
	Year = {2004}}

@book{Sadock2003,
	Address = {M{\"u}nchen},
	Author = {Sadock, Jerrold M},
	Publisher = {Lincom Europa},
	Title = {A Grammar of {Kalaallisut} {(West Greenlandic Inuttut)}},
	Volume = {162},
	Year = {2003}}

@book{Schadeberg2000,
	Address = {K{\"o}ln},
	Author = {Schadeberg, Thilo C. and Mucanheia, Francisco Ussene},
	Publisher = {R{\"u}diger K{\"o}ppe},
	Series = {East African Languages and Dialects},
	Title = {{Ekoti: the Maka or Swahili language of Angoche}},
	Volume = {11},
	Year = {2000}}

@article{Schilling2002,
	Author = {Schilling, Mark F and Watkins, Ann E and Watkins, William},
	Journal = {The American Statistician},
	Number = {3},
	Pages = {223--229},
	Publisher = {Taylor \& Francis},
	Title = {Is human height bimodal?},
	Volume = {56},
	Year = {2002}}

@incollection{Schoenig1998,
	Author = {Sch{\"o}nig, Claus},
	Pages = {403--417},
	Title = {South {Siberian Turkic}},
	crossref = {TurkicLanguages}}


@incollection{Schoenig1998Azer,
	Author = {Sch{\"o}nig, Claus},
	Pages = {248--260},
	Title = {Azerbaijanian},
	crossref = {TurkicLanguages}}

@article{Hahn1991Ili,
 author = {Reinhard F. Hahn},
 journal = {Acta Orientalia Academiae Scientiarum Hungaricae},
 number = {1},
 pages = {31--53},
 publisher = {Akadémiai Kiadó},
 title = {An annotated sample of {Ili Turki}},
 volume = {45},
 year = {1991}
}

@article{Zhao1989,
 author = {Xiāngrú Zhào and Reinhard F. Hahn},
 journal = {Central Asiatic Journal},
 number = {3/4},
 pages = {260--289},
 publisher = {Harrassowitz Verlag},
 title = {The {Ili Turk} People and Their Language},
 volume = {33},
 year = {1989}
}

@article{Scholz1987,
	Author = {F. W. Scholz and M. A. Stephens},
	Eprint = {http://dx.doi.org/10.1080/01621459.1987.10478517},
	Journal = {Journal of the American Statistical Association},
	Number = {399},
	Pages = {918--924},
	Title = {K-Sample {A}nderson--{D}arling Tests},
	Volume = {82},
	Year = {1987}}

@article{Scobbie2005,
	Author = {Scobbie, James M},
	Journal = {QMU Speech Science Research Centre Working Papers, WP-1},
	Title = {The phonetics phonology overlap},
	Year = {2005}}

@book{Seegmiller1996,
	Address = {M{\"u}nchen},
	Author = {Seegmiller, Steve},
	Publisher = {Lincom Europa},
	Title = {Karachay},
	Volume = {109},
	Year = {1996}}

@incollection{BermudezOtero2015,
  year  = {2015},
	booktitle = {The {Oxford} handbook of historical phonology},
	address = {Oxford},
	pages = {374--399},
  publisher = {Oxford University Press},
  author = {Ricardo Berm{\'{u}}dez-Otero},
  editor = {Patrick Honeybone and Joseph Salmons},
  title = {Amphichronic Explanation and the Life Cycle of Phonological Processes}
}

@incollection{Selkirk1984,
	Author = {Elizabeth Selkirk},
	Booktitle = {{Language Sound Structure: Studies in Phonology}},
	Editor = {Mark H. Aronoff and Richard Thomas Oehrle},
	Pages = {107--136},
	Publisher = {MIT Press},
	Title = {On the major class features and syllable theory},
	Year = {1984}}

@book{Lehiste1970,
	Author = {Lehiste, Ilse},
	Title = {Suprasegmentals},
	Publisher = {MIT Press},
	Address = {Cambridge, MA},
	Year = {1970}}

@incollection{Maddieson1997,
author={Maddieson,Ian},
title={Phonetic universals},
 editor = {Hardcastle, William},
 booktitle = {The Handbook of Phonetic Sciences},
 publisher = {Blackwell},
 year = {1997},
 pages={190--232},
 address = {Oxford}
 }

@article{Gussenhoven2007,
  title={A vowel height split explained: Compensatory Listening and Speaker Control},
  author={Gussenhoven, Carlos},
	editor={Cole, Jennifer and José Hualde},
  journal={Papers in Laboratory Phonology 9: Change in Phonology},
  pages={145--172},
  year={2007},
  publisher={Berlin/New York: Mouton de Gruyter}
}


@article{Stachowski2011,
  title={Siberian languages in contact 1: collective numerals in {Yakut, Dolgan, Tuvinian, Tofalar} and some other {Turkic} languages},
  author={Stachowski, Marek},
  journal={Studia Linguistica Universitatis Iagellonicae Cracoviensis},
	volume={128},
  year={2011}
}

@inproceedings{Tauberer2009,
  title={Intrinsic vowel duration and the post-vocalic voicing effect: Some evidence from dialects of {North American English}},
  author={Tauberer, Joshua and Evanini, Keelan},
  booktitle={Proceedings of the 10th Annual Conference of the International Speech Communication Association (Interspeech 2009)},
  year={2009}
}

@article{Sole2002,
title = "Aerodynamic characteristics of trills and phonological patterning",
journal = "Journal of Phonetics",
volume = "30",
number = "4",
pages = "655 - 688",
year = "2002",
author = "Maria-Josep Solé"
}

@article{Recasens1991,
title = "On the Production Characteristics of Apico-alveolar Taps and Trills",
journal = "Journal of Phonetics",
volume = "19",
pages = {267--280},
year = "2002",
author = {Recasens, Daniel}
}

@article{Recasens1999,
title = "A study of /J/ and /r/ in the light of the “DAC” coarticulation model",
journal = "Journal of Phonetics",
volume = "27",
number = "2",
pages = {143--169},
year = "1999",
author = "Daniel Recasens and Maria Dolors Pallarès"
}


@article{Sole2010,
  title={What is and what is not under the control of the speaker: Intrinsic vowel duration},
  author={Solé, Maria-Josep and John Ohala},
	editor={Fougeron, Cecile and Barbara Kühnert and Mariapaola D’Imperio and Nathalie Vallée},
  journal={Papers in Laboratory Phonology 10},
  pages={607--655},
  year={2010},
  publisher={Berlin/New York: Mouton de Gruyter}
}

@book{Hock1991,
  title={Principles of Historical Linguistics},
  author={Hock, Hans Heinrich},
  year={1991},
  publisher={Mouton De Gruyter},
	address={Berlin}
}


@inproceedings{Shosted2007,
	Author = {Shosted, Ryan K},
	Booktitle = {Proceedings of the {ICPhS}},
	Pages = {1937--1940},
	Title = {A Psychoacoustic Basis for Dissimilation: Evidence from {T}angkhul {N}aga},
	Volume = {16},
	Year = {2007}}

@book{Silverman1986,
	Author = {Silverman, Bernard W},
	Publisher = {CRC press},
	Title = {Density estimation for statistics and data analysis},
	Volume = {26},
	Year = {1986}}

@book{Sjoberg1963,
	Author = {Sjoberg, Andr{\'e}e F},
	Publisher = {Indiana University Press},
	Title = {Uzbek structural grammar},
	Volume = {18},
	Year = {1963}}


@article{Smolensky1993,
	Author = {Smolensky, Paul},
	Journal = {Paper presented at the Rutgers University Optimality Workshop, New Brunswick, NJ},
	Title = {Harmony, markedness, and phonological activity},
	Year = {1993}}

@article{Smolensky1995,
	Author = {Smolensky, Paul},
	Journal = {Handout of a talk given at UCLA on 4/7/95. ROA-86},
	Title = {On the internal structure of the constraint component {Con of UG}},
	Year = {1995}}

@article{Ito1998,
	Author = {Ito, Junko and Armin Mester},
	Journal = {Manuscript, University of California, Santa Cruz. ROA-255},
	Title = {Markedness and word structure: {OCP effects in Japanese}},
	Year = {1998}}

@article{Smolensky1997,
	Author = {Smolensky, Paul},
	Journal = {Handout of talk given at Hopkins Optimality Theory Workshop/Maryland Mayfest, Baltimore},
	Title = { Constraint interaction in generative grammar II: local conjunction, or random rules in Universal Grammar},
	Year = {1997}}


@article{Sproat1993,
	Author = {Sproat, Richard and Fujimura, Osamu},
	Journal = {{Journal of Phonetics}},
	Number = {3},
	Pages = {291--311},
	Title = {Allophonic variation in {E}nglish /l/and its implications for phonetic implementation},
	Volume = {21},
	Year = {1993}}

@book{Stapert2013,
	Author = {Stapert, Eug{\'e}nie},
	Address={Utrecht},
	Publisher = {LOT},
		Series={LOT Dissertation Series},
	Volume={336},
	Title = {Contact-induced change in {D}olgan: an investigation into the role of linguistic data for the reconstruction of a people's (pre)history},
	Year = {2013}}

@article{Storme2017,
	Author = {Benjamin Storme},
	Journal = {Glossa: a journal of general linguistics},
	Month = {jul},
	Number = {1},
	Pages = {64},
	Publisher = {Ubiquity Press},
	Title = {The \emph{loi de position} and the acoustics of {French} mid vowels},
	Volume = {2},
	Year = {2017}}

@unpublished{Storme2017ms,
	Author = {Benjamin Storme},
	Year = {2017},
	title = {Contrast enhancement motivates closed-syllable laxing and open-syllable tensing},
	note = {Unpublished manuscript, {lingbuzz/003700}}
	}

@phdthesis{Suzuki1998,
		Author = {Suzuki, Keiichiro},
		School = {University of Arizona},
		Title = {A typological investigation of dissimilation},
		Year = {1998}}

@article{Sun1999,
	Author = {Sun, Hongkai},
	Journal = {Linguistics of the Tibeto-Burman area},
	Pages = {183--199},
	Title = {The category of causative verbs in {T}ibeto-{B}urman languages},
	Volume = {22},
	Year = {1999}}

@phdthesis{Begus2018,
	Author = {Beguš, Gašper},
	School = {Harvard University},
	Title = {{Unnatural Phonology}: A Synchrony-Diachrony Interface Approach},
	Year = {2018}}

@phdthesis{Storme2017PhD,
	Author = {Storme, Benjamin},
	School = {Massachusetts Institute of Technology},
	Title = {Perceptual sources for closed-syllable vowel laxing and derived environment effects},
	Year = {2017}}

@phdthesis{Kern2015,
	Author = {Kern, Gretchen},
	School = {Massachusetts Institute of Technology},
	Title = {Rhyming grammars and {Celtic} phonology},
	Year = {2015}}

@book{Campbell1991,
  address    = {Ujung Pandang, Sulawesi},
  author     = {Campbell, Philip J.},
  publisher  = {Summer Institute of Linguistics},
  series     = {Working Papers in Indonesian Languages and Culture},
  title      = {Phonology of {Pitu Ulunna Salu}},
  volume     = {12},
  year       = {1991}
}

@MastersThesis{Washington2010,
		Author = {Washington, Jonathan North},
		School = {University of Washington},
		Title = {Sonority-based affix unfaithfulness in {Turkic} languages},
		Year = {2010}}

@MastersThesis{Zargan,
		Author = {Bilgin, Orhan},
		School = {Bogaziçi University},
		Title = {Frequency Effects in the Processing of Morphologically Complex Turkish Words},
		Year = {2016},
		url={http://st2.zargan.com/public/resources/turkish/frequency_effects_in_turkish.pdf}}

@article{OCuiv1966,
 ISSN = {03320758, 20090056},
 author = {Ó Cuív, Brian},
 journal = {Ériu},
 pages = {94--103},
 publisher = {Royal Irish Academy},
 title = {The Phonetic Basis of {Classical Modern} {Irish} Rhyme},
 volume = {20},
 year = {1966}
}


@article{OCuiv1973,
 author = {Ó Cuív, Brian},
	Journal = {Celtica},
	Pages = {114--140},
	Title = {The linguistic training of the mediaeval {Irish} poet},
	Volume = {10},
	Year = {1973}}

@article{Bergin1916,
 author = {Osborn Bergin},
 journal = {Ériu},
 pages = {i--60},
 publisher = {Royal Irish Academy},
 title = {Irish Grammatical Tracts},
 volume = {8},
 year = {1916}
}

@book{Vigario2002,
author={Vigário, Marina},
title={The Prosodic Word in {European Portuguese}},
year={2002},
publisher={De Gruyter Mouton},
address={Berlin, Boston}}


@book{Meyer1909,
	Address = {Dublin},
	Author = {Meyer, Kuno},
	Publisher = {School of Irish Learning},
	Title = {A primer of {Irish} metrics: with a glossary, and an appendix containing an alphabetical list of the poets of {Ireland}},
	Year = {1909}}

@book{Stokes1883,
	Address = {Oxford},
	Author = {Stokes, Whitley},
	Publisher = {Clarendon Press},
	Title = {The {S}altair na rann: a collection of early middle {Irish} poems edited from {MS. Rawlinson B 502}, in the {Bodleian} Library},
	Year = {1883}}


@book{Murphy1961,
	Address = {Dublin},
	Author = {Murphy, Gerard},
	Publisher = {Royal Irish Academy},
	Title = {Early {Irish} metrics},
	Year = {1961}}

@article{Strycharczuk2016,
	Author = {Patrycja Strycharczuk and James M. Scobbie},
	Journal = {Journal of Phonetics},
	Month = {nov},
	Pages = {76--91},
	Publisher = {Elsevier},
	Title = {Gradual or abrupt? The phonetic path to morphologisation},
	Volume = {59},
	Year = {2016}}

@book{Tenisev1976,
	Address = {Moscow},
	Author = {Teni{\v s}ev, {\`E}dhem Rahimovi{\v c}},
	Publisher = {Nauka},
	Title = {Stroj salarskogo j{\^a}zyka},
	Year = {1976}}

@phdthesis{Turton2014,
	Author = {Turton, Danielle},
	School = {University of Manchester},
	Title = {Variation in {E}nglish /l/: Synchronic reflections of the life cycle of phonological processes},
	Year = {2014}}

@phdthesis{Roos2000,
	Author = {Roos, Marti},
	Pages = {431},
	School = {Leiden University},
	Title = {The {Western Yugur (Yellow Uygur)} Language: Grammar, Texts, Vocabulary},
	Year = {2000}}

@phdthesis{vanEngelenhoven1995,
	Author = {van Engelenhoven, Aone Thomas Pieter Gerrit},
	school = {Leiden University},
	Title = {A description of the {Leti} language (as spoken in {Tutukei})},
	Year = {1995}}

@book{vanBreugel2014,
	Author = {van Breugel, Seino},
	Publisher = {Brill},
	Title = {A grammar of {A}tong},
	Year = {2014}}

@book{vanderTuuk1971,
	Address = {The Hague},
	Author = {van der Tuuk, Hermanus Neubronner},
	Publisher = {Martinus Nijhoff},
	Title = {A grammar of {Toba Batak}},
	Year = {1971}}

@book{vanEngelenhoven2004,
	Author = {van Engelenhoven, Aone Thomas Pieter Gerrit},
	Publisher = {Brill Academic Pub},
	Title = {Leti},
	Volume = {211},
	Year = {2004}}

@book{vanEnk1997,
	Author = {Gerrit J van Enk and Lourens de Vries},
	Publisher = {Oxford University Press},
	Title = {The {Korowai of Irian Jaya}: Their language in its cultural context},
	Year = {1997}}

@phdthesis{vanPutten2013,
	Author = {Marijn van Putten},
	School = {Leiden University},
	Title = {{A grammar of {Awjila Berber (Libya)}: based on {Umberto Paradisi}'s material}},
	Year = {2013}}

@article{Vaux1998,
	Author = {Vaux, Bert},
	Journal = {Linguistic {I}nquiry},
	Number = {3},
	Pages = {497--511},
	Publisher = {MIT Press},
	Title = {The laryngeal specifications of fricatives},
	Volume = {29},
	Year = {1998}}

@book{Ito2003,
	Author = {Ito, Junko and Armin Mester},
	Address={Cambridge, MA},
	Publisher = {MIT Press},
	Title = {Japanese morphophonemics: markedness and word structure},
	Year = {2003}}

@PhDThesis{Bakovic2000,
  author	= {Baković, Eric},
  school	= {Rutgers University},
  title		= {Harmony, dominance, and control},
  year		= {2000}
}

@incollection{Archangeli2007,
	Address = {Cambridge, UK},
	Address1 = {New York},
	Author = {Archangeli, Diana and Douglas Pulleyblank},
	Booktitle = {The Cambridge handbook of phonology},
	Editor = {Paul de Lacy},
	Pages = {353--378},
	Publisher = {Cambridge University Press},
	Title = {Harmony},
	Year = {2007}}

@article{Vaux2011,
	Author = {Vaux, Bert and Miller, Brett},
	Journal = {The Blackwell Companion to Phonology},
	Pages = {146--171},
	Title = {The representation of fricatives},
	Volume = {1},
	Year = {2011}}


@incollection{Bakovic2007,
	Address = {Cambridge, UK},
	Address1 = {New York},
	Author = {Bakovi{\'c}, Eric},
	Booktitle = {The Cambridge handbook of phonology},
	Editor = {Paul de Lacy},
	Pages = {335--351},
	Publisher = {Cambridge University Press},
	Title = {Local assimilation and constraint interaction},
	Year = {2007}}

@incollection{Vennemann1972,
	Address = {Frankfurt am Main},
	Author = {Vennemann, Theo},
	Booktitle = {Schuchardt, the neogrammarians, and the transformational theory of phonological change: four essays},
	Editor = {Vennemann, Theo and Wilbur, Terence H.},
	Pages = {181--204},
	Publisher = {Athen{\"a}um Verlag},
	Series = {Linguistische Forschungen},
	Title = {Phonetic analogy and conceptual analogy.},
	Volume = {26},
	Year = 1972}


	@book{Schuchardt1885,
author={Schuchardt, Hugo},
year=1885,
title={Über die Lautgesetze: gegen die Junggrammatiker},
address={Berlin},
publisher={{Oppenheim. Available in English (1972), ‘On sound laws: against the neogrammarians’, in T. Vennemann and T. H.
Wilbur (editors), Schuchardt, the neogrammarians, and the transformational theory of phonological change: four essays, Frankfurt am Main: Athenäum Verlag, 41-72}}}

@incollection{Blasing2003,
	Address = {London},
	Author = {Bl{\"a}sing, Uwe},
	Booktitle = {The {Mongolic} Languages},
	Editor = {Janhunen, Juha},
	Pages = {464},
	Publisher = {Routledge},
	Title = {Kalmuck},
	Year = {2003}}

@article{Albright2009,
 title={Feature-based generalisation as a source of gradient acceptability}, volume={26}, DOI={10.1017/S0952675709001705}, number={1}, journal={Phonology}, publisher={Cambridge University Press}, author={Albright, Adam}, year={2009}, pages={9–41}}

@Book{Dresher2009,
  author	= {Dresher, B. Elan},
  title		= {The contrastive hierarchy in phonology},
  publisher	= {Cambridge University Press},
  address	= {Cambridge},
  year		= 2009
}

@Book{Hopper1993,
  author	= {Hopper, P. J. and Traugott, E. C.},
  title		= {Grammaticalization},
  publisher	= {Cambridge University Press},
  address	= {Cambridge},
  year		= 1993
}

@article{Bailey2001,
  title={Determinants of wordlikeness: Phonotactics or lexical neighborhoods?},
  author={Bailey, Todd M and Hahn, Ulrike},
  journal={Journal of Memory and Language},
  volume={44},
  number={4},
  pages={568--591},
  year={2001},
  publisher={Elsevier}
}

@phdthesis{Walker2013,
	Author = {Walker, Neil Alexander},
	School = {University of California, Santa Barbara},
	Title = {{A grammar of {Southern Pomo}, an indigenous language of California}},
	Year = {2013}}

@phdthesis{Mackenzie2009,
	Author = {Mackenzie, Sara},
	School = {University of Toronto},
	Title = { Contrast and similarity in consonant harmony systems},
	Year = {2009}}

@phdthesis{Balodis2011,
  	Author = {Balodis, Uldis Ivars Janis},
  	School = {University of California, Santa Barbara},
  	Title = {Yuki Grammar in Its Areal Context with Sketches of {Huchnom and Coast Yuki}},
  	Year = {2011}}

@article{West1999,
	Author = {Paula West},
	Journal = {Journal of Phonetics},
	Month = {oct},
	Number = {4},
	Pages = {405--426},
	Publisher = {Elsevier {BV}},
	Title = {Perception of distributed coarticulatory properties of {E}nglish /l/ and /r/},
	Volume = {27},
	Year = {1999}}

@incollection{Wright2004,
	Address = {Cambridge, New York},
	Author = {Richard A. Wright},
	Booktitle = {Phonetically based phonology},
	Editor = {Bruce Hayes and Robert Kirchner and Donca Steriade},
	Pages = {34--57},
	Publisher = {Cambridge University Press},
	Title = {A review of perceptual cues and cue robustness},
	Year = {2004}}

@phdthesis{Youssef2013,
	Author = {Youssef, Islam},
	School = {Universitetet i Troms{\o}},
	Title = {{P}lace assimilation in {A}rabic: contrasts, features, and constraints},
	Year = {2013}}

@article{Yu2011,
	Author = {Yu, Alan C. L.},
	Journal = {Phonology},
	Number = 3,
	Pages = {491--518},
	Title = {On measuring phonetic precursor robustness: a reply to {M}oreton},
	Volume = 28,
	Year = 2011}

@article{Ohala1981,
	Author = {Ohala, John J.},
	Journal = {{CLS}},
	Pages = {178--203},
	Title = {The listener as the source of sound change},
	Volume = {17},
	Year = {1981}}

@article{Moreton2008,
	Author = {Moreton, Elliott},
	Journal = {Phonology},
	Number = 1,
	Pages = {83--127},
	Title = {Analytic bias and phonological typology},
	Volume = 25,
	Year = 2008}

@phdthesis{White2013,
  title={Bias in phonological learning: Evidence from saltation},
  author={White, James Clifford},
  year={2013},
  school={University of California, Los Angeles}
}

@phdthesis{Fleischhacker2005,
  title={Similarity in Phonology: Evidence from Reduplication and Loan Adaptation},
  author={Heidi Anne Fleischhacker},
  year={2005},
  school={University of California, Los Angeles}
}

@phdthesis{Nicklas1974,
author={Nicklas, Thurston Dale},
year= 1974,
title={The Elements of {Choctaw}},
school={University of Michigan}
}

@article{White2017,
	Author = {White, James Clifford},
	Journal = {Language},
	Number = 1,
	Pages = {1--36},
	Title = {Accounting for the learnability of saltation in phonological theory: A maximum entropy model with a {P}-map bias},
	Volume = 93,
	Year = 2017}

@article{Hayes2015,
title={Saltation and the P-map}, volume={32}, DOI={10.1017/S0952675715000159}, number={2}, journal={Phonology}, publisher={Cambridge University Press}, author={Hayes, Bruce and White, James}, year={2015}, pages={267–302}}

@article{Hayes2013,
	Author = {Hayes, Bruce and White, James},
	Journal = {Linguistic Inquiry},
	Number = 1,
	Pages = {45--75},
	Title = {Phonological naturalness and phonotactic learning},
	Volume = 44,
	Year = 2013}

@article{Hayes2008,
	Author = {Hayes, Bruce and Colin Wilson},
	Journal = {Linguistic Inquiry},
	Number = 3,
	Pages = {379--440},
	Title = {A Maximum Entropy Model of Phonotactics and Phonotactic Learning.},
	Volume = 39,
	Year = 2017}

@article{deLacy2013,
  title={Synchronic explanation},
  author={De Lacy, Paul and Kingston, John},
  journal={Natural Language \& Linguistic Theory},
  volume={31},
  number={2},
  pages={287--355},
  year={2013},
  publisher={Springer}
}

@phdthesis{Zec1988,
	Author = {Zec, Draga},
	School = {Stanford University},
	Title = {Sonority constraints on prosodic structure},
	Year = {1988}}

@phdthesis{Anttila1997,
	Author = {Anttila, Arto},
	School = {Stanford University},
	Title = {Variation in {F}innish phonology and morphology},
	Year = {1997}}

@book{Kibrik2004,
	Address = {Suita},
	Author = {Kibrik, Aleksandr E. and Kodzasov, Sandro V. and Muravyova, Irina A.},
	Publisher = {Osaka Gakuin University},
	Series = {Endangered Languages of the {Pacific Rim}},
	Title = {Language and Folklore of the {A}lutor People},
	Translator = {Kurebito, Megumi},
	Volume = {A2-042},
	Year = {2004}}

@book{Karlsson1999,
	Address = {London},
	Author = {Karlsson, Fred},
	Note = {Translated by Andrew Chesterman},
	Publisher = {Routledge},
	Title = {Finnish: an essential grammar},
	Year = {1999}}

@book{Maslova2003,
	Address = {Berlin/New York},
	Author = {Maslova, Elena},
	Publisher = {Mouton de Gruyter},
	Series = {Mouton Grammar Library},
	Title = {A Grammar of {Kolyma Yukaghir}},
	Volume = {27},
	Year = {2003}}

@book{Janhunen2012,
author={Janhunen,Juha A.},
 year={2012},
title={Mongolian},
address={Amsterdam/Philadelphia},
publisher={John Benjamins}}

@book{Forker2013,
	Address = {Berlin/Boston},
	Author = {Forker, Diana},
	Publisher = {Mouton de Gruyter},
	Series = {Mouton Grammar Library},
	Title = {A Grammar of {Hinuq}},
	Volume = {63},
	Year = {2013}}

@book{Chelliah1997,
	Address = {Berlin/New York},
	Author = {Chelliah, Shobhana Lakshmi},
	Publisher = {Mouton de Gruyter},
	Series = {Mouton Grammar Library},
	Title = {A Grammar of {Meithei}},
	Volume = {17},
	Year = {1997}}

@article{Mithun1986,
	Author = {Mithun, Marianne and Basri, Hasan},
	Journal = {Oceanic Linguistics},
	Number = {2},
	Pages = {210-254},
	Title = {The Phonology of {Selayarese}},
	Volume = {25},
	Year = {1986}}

@article{Reiss2003,
title={Quantification in structural descriptions: Attested and unattested patterns},
journal={The Linguistic Review},
year={2003},
volume={20},
pages={305--338},
issue={2-4},
author={Reiss, Charles}
}

@article{Wieling2012,
title = "Inducing a measure of phonetic similarity from pronunciation variation",
journal = "Journal of Phonetics",
volume = "40",
number = "2",
pages = "307 - 314",
year = "2012",
author = "Martijn Wieling and Eliza Margaretha and John Nerbonne"
}

@article{Cristia2013,
  year=2013,
  volume = {4},
  number = {2},
  author = {Alejandrina Cristia and Jeff Mielke and Robert Daland and Sharon Peperkamp},
  title = {Similarity in the generalization of implicitly learned sound patterns},
  journal = {Laboratory Phonology}
}

@incollection{Chang2015,
author = {Chang, Charles B.},
publisher = {Wiley-Blackwell},
editpor={Raimy, Eric and Charles E. Cairns},
title = {Determining Cross-Linguistic Phonological Similarity Between Segments},
booktitle = {The Segment in Phonetics and Phonology},
chapter = {9},
pages = {199-217},
year = {2015}}



@article{Mielke2012,
title = "A phonetically based metric of sound similarity",
journal = "Lingua",
volume = "122",
number = "2",
pages = "145 - 163",
year = "2012",
note = "Phonological Similarity",
issn = "0024-3841",
author = "Jeff Mielke",
keywords = "Phonetic similarity, Phonological similarity, Ultrasound, Electroglottographym, Airflow, Acoustic"
}


@article{Zuraw2007,
	Author = {Zuraw, Kie},
	Journal = {Language},
	Number = {2},
	Pages = {277--316},
	Publisher = {Johns Hopkins University Press},
	Title = {The Role of Phonetic Knowledge in Phonological Patterning: Corpus and Survey Evidence from {Tagalog} Infixation},
	Volume = {83},
	Year = {2007}}

@book{Ozkan1996,
	Author = {{{\"O}}zkan, Nevzat},
	Publisher = {Atat{\"u}rk K{\"u}lt{\"u}r, Dil ve Tarih Y{\"u}ksek Kurumu},
	Title = {Gagavuz {T}{\"u}rk{\c{c}}esi Grameri},
	Series={Türk Dil Kurumu},
	address={Ankara},
	Volume = {657},
	Year = {1996}}


@book{Blaskovics1964,
	Author = {Blaskovics, Jozef},
	Publisher = {Türk Tarih Kurumu Basımevi},
	Title = {Gagavuz {T}{\"u}rk{\c{c}}esi Grameri},
	Series={Türk Dil Kurultayında Okunan Bilimsel Bildiriler},
	address={Ankara},
	Year = {1964}}


@phdthesis{AbdelHafiz1988,
	Author = {Abdel-Hafiz, Ahmed Sokarno},
	School = {State University of New York at Buffalo},
	Title = {A Reference Grammar of {Kunuz Nubian}},
	Year = {1988}}

@phdthesis{Kawachi2007,
	Author = {Kawachi, Kazuhiro},
	School = {State University of New York at Buffalo},
	Title = {A grammar of {Sidaama (Sidamo)}, A Cushitic language of {E}thiopia},
	Year = {2007}}

@phdthesis{Seo2003,
	Author = {Seo, Misun},
	School = {Ohio State University},
	Title = {A segment contact account of the patterning of sonorants in consonant clusters},
	Year = {2003}}

@book{Goldsmith1995,
	Address = {Oxford},
	Booktitle = {The handbook of phonological theory},
	Editor = {Goldsmith, John},
	Publisher = {Blackwell},
	Title = {The handbook of phonological theory},
	Year = {1995}}


@book{TurkicLanguages,
		title = {{The Turkic Languages}},
		Editor = {Johanson, Lars and Csat{\'o}, {\'E}va {\'A}gnes},
		Publisher = {Routledge},
		Year = {1998},
		Address = {London \& New York}
	}
